1990 3594
215 273 292 354 340
351 255 425 325 Du
460 259 772 328 Snnnorvrr.

214 365 326 432 ornnes=
339 369 484 434 habebant
503 391 510 430 r
540 361 664 466 'vigebat
675 365 715 430 iu
727 364 779 430 illa
808 371 897 434 domo

214 455 321 533 patrius
342 471 408 511 mos
429 453 461 512 ὃ(
478 452 634 534 disciplina.
682 487 686 494 v
890 489 893 496 ·

258 531 307 610 38.
331 531 373 592 lta
397 535 475 592 enim
497 531 624 594 senedlus
649 529 769 591 honesta
794 529 897 607 est,sl
975 539 976 542 ’

214 609 243 672 st
263 608 493 692 ipsa'defen'dit‚
511 607 542 672 ¹si
561 611 567 621 '
591 635 604 672 s
624 611 706 671 suum
725 613 856 684 retinet,
875 615 896 672 si

214 694 326 752 nemini
339 696 518 774 emancipata
534 711 550 752 e
585 738 594 766 ‚
610 695 634 751 si
647 691 736 772 usque
750 692 788 750 ad
803 709 898 752 extre·
975 717 976 750 1

214 791 296 832 mum
313 772 439 854 spiritum
456 774 618 834 dominatur
631 775 661 831 in
675 771 758 832 suos:
773 786 808 832 ut
819 775 897 832 eninr

215 853 451 927 adolescentem,
470 857 502 914 in
525 875 584 936 quo
603 852 690 912 senile
710 849 840 934 aliquid3
857 856 896 912 sie

216 933 336 1008 senem,
361 937 390 994 in
408 957 466 1016 quo
491 931 531 995 est
550 931 741 993 adolescentis
760 930 868 1014 aliquid
887 977 896 1008 ,

217 1017 332 1095 pr'obo:
347 1017 427 1096 quod
443 1017 492 1095 qui
510 1013 632 1094 sequitur
645 1033 795 1094 ,corpore
810 1013 896 1073 senex

218 1095 277 1156 elle
299 1098 423 1176 poterit,
443 1097 541 1154 animo
559 1091 718 1174 numquam
738 1095 803 1154 erit.
824 1092 896 1174 Sep·
944 1109 946 1112 ·

217 1177 305 1236 timus
326 1175 396 1234 mihi
414 1174 571 1256 Originum
590 1174 662 1234 liber
685 1171 727 1233 est
749 1176 781 1232 in
804 1177 897 1234 marri·

216 1256 293 1316 bus:
315 1259 413 1314 omnia
434 1257 606 1334 antiquitatis
623 1270 815 1314 monumenta
834 1256 896 1314 eol·

215 1334 304 1415 ligo:
325 1335 474 1396 .eausarum
495 1333 672 1408 illustrium,
703 1333 896 1415 quascumque

216 1414 366 1490 defendi,
392 1437 469 1476 nunc
498 1436 587 1496 quum
615 1415 741 1474 maxime
770 1413 895 1475 eortficio

217 1498 386 1556 orationes:
405 1495 450 1577 jus
466 1517 625 1578 augurum,
637 1492 837 1575 *pontificum
854 1498 895 1554 ei·

217 1577 277 1637 vile
296 1577 404 1636 trado:
425 1577 548 1636 multum
571 1579 659 1636 etiarn
680 1574 793 1636 Graecis
814 1577 896 1636 lirre-

216 1659 256 1716 ris
278 1674 363 1717 utor:
384 1656 690 1738 Pythagoreorumque
709 1677 792 1716 more
812 1673 896 1716 exer·

217 1738 319 1797 eendae
337 1740 486 1797 memoriae
502 1738 609 1819 gradi,
627 1737 696 1818 quid
713 1757 828 1818 quoque
846 1736 895 1798 die

219 1818 361 1891 dixerim,
380 1817 539 1891 audierim,
553 1821 681 1900 egerim,
694 1825 896 1879 commemoro

218 1897 340 1979 vesperi.
368 1896 423 1956 Hae
445 1897 507 1956 sunt
528 1900 747 1958 exercitationes
767 1899 896 1979 ingenii,

218 1979 279 2038 lraec
294 1978 430 2039 curricula
445 1979 566 2038 mentis:
586 1981 616 2038 in
635 1977 680 2036 his
693 1977 832 2039 desudans
847 1995 896 2038 at·

219 2081 277 2140 que
295 2059 463 2134 elaboranti,
480 2061 692 2138 corporisvires
703 2077 897 2140 nonmagno-

219 2161 289 2220 pere
319 2140 471 2201 desidero:
492 2138 590 2200 adsum
610 2141 731 2197 amicis:
752 2141 844 2200 venio
864 2141 895 2198 in

155 2217 160 2224 ’
214 2219 347 2279 renatum
375 2217 541 2293 ireneus,
570 2217 704 2299 ultroque
730 2216 820 2279 affero
837 2235 895 2280 ‘res

217 2301 340 2362 mulium
366 2301 398 2359 &
416 2242 468 2380 diu
491 2303 658 2382 cogitaram
683 2298 788 2379 eafqne
811 2318 896 2361 tueor

173 2403 175 2408 ·
217 2383 326 2452 animi,
344 2402 405 2441 non
421 2383 551 2463 corporis
569 2378 695 2442 viribus:
711 2401 777 2460 quoe
791 2384 820 2441 si
839 2401 896 2440 ex-
975 2381 976 2384 ’

217 2461 296 2540 sequi
312 2465 461 2541 nequirem
471 2507 482 2536 ,
492 2479 589 2521 tamen
602 2477 649 2519 me
664 2457 783 2521 leilulus
798 2461 897 2522 oblee-

216 2553 290 2598 taret
307 2561 408 2616 meus,
425 2563 460 2602 ea
475 2541 534 2623 ipsa
549 2562 585 2600 co
606 2542 745 2614 ¹tantem,
758 2563 824 2622 quae
838 2539 896 2600 'am

215 2638 302 2758 affre
326 2641 385 2680 non
404 2621 532 2702 possem,
552 2620 580 2681 se
621 2636 653 2680 ut
671 2624 804 2700 possim,
827 2563 897 2684 iacit

215 2719 233 2755 a
261 2701 363 2760 avita.
383 2701 505 2782 Semper
525 2704 603 2762 enim
623 2703 652 2759 in
671 2701 714 2759 his
732 2699 832 2762 studiis
850 2703 897 2762 la·

213 2779 384 2865 boribusque
398 2784 510 2847 viventi
525 2803 586 2844 non
601 2779 790 2864 intelligitur,
806 2803 898 2865 quan·
