1954 3604
958 223 962 266 i

230 293 299 365 188
373 293 726 378 Dnnrrrcrrs,
903 267 964 434 ]

220 407 352 466 tentione
368 408 449 465 vocis
461 451 470 478 ,
483 424 520 465 ex
539 403 750 478 submissione,
765 423 803 464 ex
827 419 901 464 cete·

217 489 259 545 ris
275 487 435 559 similibus,
448 485 530 544 facile
545 483 734 560 judicabimus
745 529 755 557 ,
768 485 840 566 quid
853 500 902 543 eo*

221 587 285 625 rum
305 569 371 645 apte
391 565 460 638 fiat,
482 565 551 646 quid
569 565 603 624 ab
627 563 725 625 officio
746 577 903 644 naturaque

222 645 374 727 discrepet.
397 645 472 724 Quo
489 649 521 704 in
536 665 641 728 genere
658 667 718 706 non
737 643 779 705 est
796 646 903 704 incom-

223 727 370 799 modum,
393 727 476 807 quale
499 727 636 806 quodque
661 745 764 787 eorum
787 727 846 800 sit,
870 743 904 782 ex

217 807 285 866 ‘aliis
302 804 446 886 judicare,
463 822 494 864 ut
512 808 535 864 si
554 805 623 886 quid
634 806 775 866 dedeceat
784 807 815 863 in
830 803 905 874 aliis,

224 890 349 948 vitemus
369 891 442 966 ipsi:
460 884 493 944 fit
509 887 587 944 enim
601 885 770 967 nescioquo
791 885 904 958 modo,

211 985 258 1026 ‘ut
276 969 366 1050 magis
384 970 413 1025 in
426 967 485 1025 aliis
505 985 677 1039 cernamus,
696 967 783 1046 quim
802 969 832 1024 in
850 985 905 1022 no-

225 1046 328 1107 bismet
350 1049 440 1128 ipsis,
461 1047 484 1104 si
499 1046 583 1126 'quid
595 1046 789 1126 delinquitur:
810 1048 904 1125 itaque
962 1109 964 1122 Ι

139 1157 144 1162 ·
225 1126 360 1187 facillimt
385 1128 565 1208 corriguntur
584 1123 613 1184 in
636 1125 772 1185 discendo
794 1169 804 1198 ,
831 1147 908 1208 quu-

224 1225 291 1266 rum
313 1210 382 1266 vitia
407 1209 580 1277 imitantur,
605 1205 780 1266 emendandi
803 1205 907 1280 causi,

226 1285 361 1366 magistri.

273 1385 338 1442 ¹47·
359 1365 424 1426 Nec
439 1368 511 1427 verb
528 1366 654 1426 alienum
671 1363 731 1440 est,
745 1365 783 1426 ad
803 1383 840 1426 ea
857 1363 910 1424 elib

228 1446 343 1584 fienda,
383 1467 426 1506 uae
446 1447 655 1507 dubitationem
676 1443 817 1518 afferunt,
835 1445 910 1505 adhi-

250 1545 299 1585 ere
319 1467 566 1586 dodos'homines
585 1573 594 1599 ,
610 1527 659 1587 vel
678 1529 766 1586 etiam
785 1527 837 1585 usu
855 1543 909 1604 pe·

226 1607 317 1679 titos,
336 1606 386 1680 δι,
408 1608 476 1686 quid
492 1606 535 1664 his
556 1607 592 1666 de
614 1626 730 1687 quoque
749 1603 839 1664 officii
858 1623 908 1686 ge-

228 1704 299 1745 nere
316 1687 446 1765 placeat,
464 1687 623 1768 exquirere.
642 1683 740 1764 Major
751 1687 831 1745 enim
847 1705 909 1764 pars

228 1767 267 1824 eb
291 1764 351 1825 fere
374 1765 477 1826 deferri
493 1765 592 1839 solet,
613 1767 671 1846 qub
687 1787 711 1824 *a
732 1781 835 1824 natura
854 1762 911 1844 ipsa

232 1845 449 1906 deduciturz'in
466 1846 567 1940 quibus
588 1844 748 1904 videndum
766 1843 830 1917 est,
853 1863 911 1902 non

232 1925 325 1984 modb
346 1925 414 2004 quid
435 1924 553 2004 quisque
572 1924 725 2004 loquatur,
744 1922 913 1996 sedetiam,

232 2006 302 2084 quid
320 2004 448 2084 quisque·
460 2003 587 2077 sentiat,
609 2020 695 2085 atque
721 2005 837 2078 etiam,
860 2021 913 2083 qua

233 2085 270 2145 de
292 2083 373 2145 causa
390 2083 505 2165 quisque
526 2083 636 2144 sentiat
657 2084 699 2144 Ut
718 2086 798 2144 enirn
818 2081 914 2162 pitto-

232 2183 298 2237 res,
320 2166 352 2224 ὃ(
370 2167 411 2239 ii,
430 2167 479 2245 qui
496 2167 576 2246 signa
591 2163 787 2238 fabricantur,
807 2163 843 2222 &
861 2181 916 2224 ve·

234 2246 270 2303 rb
292 2249 379 2304 etiam
408 2249 502 2324 po'e'tae
522 2289 531 2318 ,
554 2243 636 2304 suum
660 2243 777 2326 quisque
799 2263 876 2323 opus
899 2261 915 2302 a

228 2321 323 2404 ¹vulgo
341 2325 513 2384 considerari
524 2325 587 2394 vult
598 2369 607 2398 ,
620 2341 672 2395 ut,
688 2325 712 2383 si
730 2323 799 2404 quid
815 2341 912 2404 repre·

234 2401 354 2462 hensum'
371 2405 406 2460 sit
426 2425 443 2462 a
462 2405 607 2484 pluribus,
624 2403 655 2462 id
672 2407 856 2485 corrigatur,
873 2403 915 2462 hi·

234 2501 290 2561 que
317 2483 349 2541 dt
366 2481 485 2556 secum,
509 2483 541 2542 ὅ(
562 2505 627 2543 curn
647 2484 706 2542 aliis
727 2483 797 2561 quid
819 2485 852 2542 in
879 2503 915 2543 eo

231 2573 384 2640 ¹peccatum
404 2565 468 2635 sit,
482 2567 633 2642 exquirunt
646 2583 655 2636 ;
675 2565 715 2621 sic
734 2564 857 2622 aliorum
872 2561 915 2642 ju-

229 2639 311 2699 dicio
342 2642 483 2720 permulta
507 2645 592 2704 nobis
620 2643 653 2704 &
682 2641 815 2702 facienda
844 2688 853 2716 ,
877 2643 916 2702 =&

218 2721 308 2862 agons
317 2717 466 2795 facienda,
486 2722 519 2782 ὃ(
542 2723 697 2798 mutanda,
719 2722 752 2784 δι
771 2725 917 2810 corrigen-¹

259 2821 275 2860 a
303 2817 363 2862 unte
755 2835 758 2842 ¹
789 2819 813 2846 '³
886 2831 891 2840 ⁸
