1956 3604
205 223 365 292 bruna
399 238 637 294 rrnrrus.
689 239 768 320 253

78 337 208 422 negotiis
228 340 380 421 cogitare,
400 335 479 407 &in
498 335 648 400 solitudine
669 339 767 404 secum

79 421 164 501 loqui
193 419 341 490 solitum3
369 435 401 480 ut
415 419 524 499 vneque
550 418 666 481 cessaret
695 441 767 481 unr-

80 521 190 582 quam,
211 499 397 560 &interdum
408 499 558 580 ,colloquio
579 500 695 562 alterius
703 523 768 563 non

81 601 97 642 e
118 597 193 642 eret.
216 580 319 662 Itaque
340 579 403 655 due
423 599 491 653 res,
510 601 573 662 quae
594 581 764 664 languorem

120 677 208 722 erunt
231 663 356 734 ceteris,
377 659 458 720 illum
476 660 621 724 'acuebant
639 666 769 737 ,otium

84 741 116 802 &
133 741 272 804 solitudo.
290 741 408 800 Vellem
426 741 582 801 nobishoc
600 743 679 804 idem
694 745 766 806 vere

83 821 180 884 dicere
204 822 333 882 liceret:
361 820 410 881 sed
435 823 460 880 si
483 821 578 882 tninbs
605 825 770 888 imitatione

83 919 192 963 tantam
210 904 323 985 ingenii
335 899 526 982 praestantiam
543 902 679 984 consequi
695 925 767 984 pos·

85 983 197 1058 sumus,
217 985 367 1044 voluntate
392 983 470 1042 certd
490 985 622 1062 proximi
647 985 769 1044 accedi-1

86 1058 773 1144 musznam&arepublica',forensibusqnene--

85 1148 169 1227 gotiis
189 1165 200 1220 ·,
226 1145 311 1204 annis
338 1143 434 1223 impiis
449 1187 462 1215 ,
475 1143 573 1224 'vique
601 1145 767 1225 prohibiti,

87 1229 178 1286 otium
199 1224 396 1306 persequimur
412 1242 422 1296 ;
441 1223 477 1284 δι’
489 1225 528 1284 ob
548 1244 614 1285 earn
633 1225 768 1302 causam,

15 1371 17 1380 ,
85 1307 153 1448 ffie
172 1305 292 1396 relidi,
310 1307 377 1367 rura
393 1323 596 1390 peragrantes,
614 1305 694 1389 saepe'
711 1308 768 1395 soli

141 1409 187 1450 us.
445 1433 473 1442 a.
756 1420 760 1436 t

15 1501 16 1536 r
95 1490 152 1530 ·2.
175 1467 245 1529 Sed.
260 1483 316 1530 nec
342 1471 434 1530 otium
458 1467 516 1529 boc
543 1488 608 1529 curn
634 1467 768 1532 Africani
825 1474 826 1483 ’

88 1551 144 1610 otio
163 1551 247 1624 ,nec
265 1549 330 1612 baec
346 1548 471 1612 solitudo
485 1569 555 1610 curn
573 1549 621 1618 illa
640 1569 769 1630 compa-

87 1631 171 1690 randa
188 1627 241 1690 est.
258 1629 312 1691 Ille
334 1633 412 1692 enirn
428 1629 608 1711 requiescens
629 1651 646 1688 a
669 1634 768 1710 reipu-

19 1725 27 1736 ’
88 1709 162 1770 blicae
183 1711 384 1791 pulcherrimis
407 1711 573 1770 muneribus
597 1712 688 1770 otium
712 1711 769 1772 sibi

89 1789 212 1852 sumebat
233 1792 406 1872 aliquando,
420 1791 452 1851 &
468 1813 485 1850 a
500 1808 581 1850 coetu
596 1791 766 1866 hominurn,

90 1869 302 1954 frequentiaque
312 1872 479 1946 interdum,
493 1889 640 1952 nmquam
656 1874 686 1932 in
695 1893 768 1954 por-

89 1968 145 2010 tum
167 1953 195 2014 se
222 1956 253 2013 in
276 1953 460 2014 solitudinem
481 1954 666 2032 recipiebat:
691 1973 767 2014 nos-

65 2043 67 2047 ’
90 2048 157 2092 trum
168 2052 268 2094 autern
282 2036 374 2095 otium
385 2035 495 2116 negotii
506 2033 606 2112 inopid
616 2077 626 2106 ,
637 2055 697 2094 non
714 2053 768 2094 te·

109 2114 253 2176 uiescendi
275 2112 394 2189 studio,
422 2111 606 2174 constitutum
626 2111 690 2173 est:
710 2133 768 2174 ex-

90 2133 181 2256 diseio
204 2198 284 2258 enim
305 2195 429 2270 senatu,
451 2193 606 2274 deletisque
632 2191 767 2274 judiciis,

92 2277 152 2354 quid
165 2274 212 2337 'est
222 2321 233 2348 ,
245 2276 325 2357 quod
339 2277 457 2358 dignum
469 2276 553 2334 nobis
571 2293 618 2339 aut
630 2277 767 2351 incuria,

17 2362 21 2371 '
92 2358 177 2416 autin
197 2357 264 2422 foro
282 2377 367 2439 agere
382 2354 547 2438 possimus?

18 2458 23 2515 ;
97 2467 106 2481 ·
130 2455 154 2516 3.
174 2436 227 2498 lta*
238 2440 289 2518 qni
307 2441 337 2497 in
356 2439 480 2497 maxima
499 2436 690 2510 celebritate,
716 2454 767 2500 at-v

18 2544 22 2573 ι
95 2521 193 2595 quein
214 2519 307 2578 oculis
328 2521 434 2581 civium
447 2517 599 2660 &qudam
619 2519 764 2594 uiximus,

93 2617 160 2660 nunc
178 2597 322 2680 fugientes
340 2597 445 2679 conspe
543 2597 764 2676 sceleratorum,

94 2679 192 2756 quibus
213 2683 312 2740 omnia
332 2680 494 2742 redundant
510 2725 521 2755 ,
537 2679 668 2742 abdimus
688 2701 772 2759 nos,

94 2776 225 2842 quantum
241 2761 330 2839 licet,
350 2762 390 2838 δι,
401 2759 481 2845 sepe
494 2759 552 2826 soli
563 2761 668 2829 sumus.
681 2761 784 2836 Sed„
