1958 3598
246 237 293 314 32
336 297 337 302 Ν
393 191 702 302 'Piranum

214 333 223 348 “
245 332 272 392 se
292 351 352 391 non
367 333 472 414 potuit.
491 327 597 390 Caium
612 329 686 391 verb
703 325 830 388 Marium
848 324 900 392 vl·-

212 353 306 472 ilimus
328 457 337 484 ‚
359 415 409 494 qui
429 411 497 472 mihi
514 409 648 470 secundis?
665 414 695 471 in
711 407 799 470 rebus
822 430 893 470 unus

212 511 249 552 ex
276 491 426 553 fortunatis
452 489 647 564 hominibus;
675 493 717 550 in·
734 489 893 561 adversis,

211 593 284 632 unus
300 592 336 632 ex
348 573 462 633 summis
477 572 546 631 viris
561 571 734 642 videbatur;
773 589 813 629 uo
830 569 896 630 hea-

213 654 270 712 tius
290 650 346 712 elle
365 651 481 712 mortali
497 650 567 710 nihil
585 649 688 732 potest.
709 650 736 710 N
771 653 833 722 cis,
852 652 896 708 in-

213 731 301 807 l'ane,
320 731 431 806 nescis,
449 747 568 813 quantas
577 733 654 793 vires
668 733 758 794 virtus
771 729 895 790 habeat:

213 833 324 874 nornen
343 814 454 873 tanrhm
469 813 582 873 virturis
598 809 733 893 usurpas3
750 811 823 891 quid
838 804 897 890 ipsa

209 894 335 970 valeat,
358 897 368 953 i
390 913 483 953 nores.
503 889 600 953 Nemo
625 889 800 972 potestnon
825 891 897 951 bea·

214 975 338 1034 tissimus
357 993 374 1034 e
397 993 432 1047 e,
451 975 501 1054 qui
513 969 553 1033 est
568 973 646 1032 to'tus
663 987 746 1052 aptus
765 990 804 1031 ex
821 969 896 1046 sese,

254 1056 321 1134 ique
345 1057 375 1113 in
397 1053 426 1114 se
448 1074 506 1114 uuo
530 1051 578 1112 sua
599 1054 683 1134 ponit
703 1052 814 1112 omnia.
839 1050 894 1114 Cui
954 1064 958 1125 ε’

227 1153 279 1213 pes
300 1137 415 1208 omnis,
433 1133 466 1194 &
481 1135 553 1193 ratio
573 1133 604 1192 &
624 1132 764 1213 cogitatio
785 1131 894 1212 pendet

214 1231 251 1272 ex
271 1212 407 1287 fortuna,
431 1213 499 1274 huic
521 1213 591 1272 nihil
611 1209 705 1294 potest
725 1207 783 1272 effe
806 1215 893 1286 certi;

213 1293 284 1352 nihil
305 1294 384 1387 quod
403 1293 586 1373 exploratum
603 1293 709 1354 hebeat
726 1291 894 1374 permansu-

213 1392 278 1434 rum
301 1374 354 1432 sibi
377 1394 466 1432 unum
485 1375 573 1435 diem.
597 1372 671 1435 Eum
688 1391 720 1434 tu
743 1374 894 1434 hominem
956 1375 957 1385 ’

212 1467 343 1530 terreto,
361 1455 385 1513 si
402 1473 489 1535 quem
501 1459 556 1515 eris
567 1454 685 1534 nali-us,
700 1451 756 1513 istis
774 1457 893 1530 mortis,

215 1533 263 1592 unt
284 1531 376 1594 exsilii
393 1536 494 1595 minis:
515 1535 585 1595 mihi
600 1537 673 1598 verb
691 1534 833 1617 quidquid
849 1556 893 1596 ac·

214 1612 316 1673 ciderit
336 1616 366 1673 in
383 1631 443 1675 tam
460 1618 567 1700 ingr-ara
584 1618 726 1689 civitate,
746 1635 786 1676 ne
808 1635 893 1677 tecu-
963 1681 964 1698 χ

213 1692 283 1754 santi
305 1694 423 1775 quidem
444 1698 599 1770 evenerit,
616 1717 678 1760 non
695 1695 788 1756 modh
805 1716 894 1778 repu·
962 1759 964 1778 ,

216 1777 324 1854 guanti.
341 1773 426 1852 Quid
441 1779 520 1836 enim
535 1797 591 1859 ego
602 1776 811 1851 laboravi,aut
823 1777 892 1858 quid
960 1832 964 1855 ,

214 1856 291 1934 egi,
315 1858 416 1914 autin
442 1877 501 1936 quo
528 1857 739 1938 evigilaverunt
762 1877 838 1916 curae
861 1857 893 1918 &
958 1857 964 1949 j

213 1936 405 2016 cogitationes
425 1955 518 2008 meae,
538 1939 561 1996 si
577 1937 695 2018 quidem
714 1936 786 1996 nihil
803 1957 894 2018 pepe·
958 1975 964 2033 ἱ

216 2015 240 2072 ri
260 2015 333 2089 tale,
352 2015 423 2075 nihil
437 2016 604 2078 consecutus
621 2015 705 2092 sum,
717 2034 748 2077 ut
765 2037 803 2078 eo
822 2017 892 2080 statu

214 2092 328 2170 ellem,
353 2116 441 2178 quem
462 2117 556 2178 neque
580 2095 703 2158 fortunae
727 2099 893 2174 temeritas,
959 2129 964 2175 !

215 2194 310 2254 neque
335 2177 518 2237 inimicorum
543 2177 725 2240 labefaelaret
753 2177 891 2256 injuria?

213 2253 381 2323 Mortemne
398 2258 469 2317 milri
492 2259 650 2332 minitaris,
669 2277 701 2319 ut
715 2261 838 2334 omnino
855 2259 892 2320 ab
958 2265 959 2268 ’

213 2333 397 2412 homiuibus,
416 2360 453 2398 an
470 2339 621 2412 exsilium,
640 2357 671 2400 ut
692 2338 730 2398 ab
749 2341 891 2420 improbis

213 2414 432 2496 ‚demigrandum
449 2418 508 2480 sit?
533 2438 611 2478 mors
628 2419 759 2480 terribilis
776 2418 818 2482 est
838 2423 891 2496 iis,
952 2414 964 2477 l

212 2511 338 2572 quorum
362 2519 428 2556 cum
449 2503 511 2561 vita
534 2501 632 2570 omnia
651 2498 892 2583 exstinguuntur5
952 2503 964 2574 J

209 2591 273 2631 non
291 2574 345 2647 iis,
365 2597 487 2656 quorum
507 2580 567 2640 laus
584 2583 675 2640 emori
693 2602 754 2641 uon
775 2581 891 2660 potest:
950 2581 962 2594 “’

207 2650 343 2723 ,exsilium
367 2661 571 2735 autemillis,
597 2661 702 2740 quibus
723 2664 806 2742 quasi
834 2665 892 2722 cir-

207 2729 395 2828 §umscrlpttu
413 2737 456 2806 est
470 2739 616 2806 habitandi
631 2740 713 2806 locus
721 2761 732 2818 3
755 2745 891 2816 neniis,
950 2716 962 2782 l

840 2824 894 2905 qui
948 2821 964 2872 ‚tt
