1958 3598
203 265 282 362 426
388 263 692 333 Pnnrnoxrs

201 382 337 452 cultum,
359 378 439 459 quod
460 396 519 437 non
538 373 717 456 splendescat
737 376 897 452 oratione,

203 463 236 526 &
259 479 409 540 tamquam
431 457 603 520 excolatur:
628 457 709 536 quod
737 478 829 538 quum
852 457 896 518 ita

201 560 334 638 putarem
349 586 358 615 ‚
374 539 431 600 feci
448 535 537 600 etiam
555 536 714 614 audacius,
732 537 826 620 quim
843 538 897 598 ille

200 623 285 704 ipse,
305 621 345 682 de
362 641 421 702 quo
437 621 556 701 loquor.
581 615 659 678 Cato
672 621 765 680 ‘enirn
784 619 895 678 dunn-

202 719 281 776 taxat
299 703 336 764 de
353 701 551 783 magnitudine
564 702 671 773 animi,
686 700 725 760 de
740 701 897 760 continen-

200 786 265 858 tia,
286 783 323 845 de
343 797 461 856 morte,
481 781 519 842 de
541 782 622 841 omni
642 780 729 841 laude
754 783 893 856 virtutis,

205 865 243 926 de
262 863 316 924 diis
333 861 565 934 immortalibus,
584 860 620 920 de
636 864 754 922 caritate
772 863 894 943 patriae,

206 943 304 1007 Stoice
322 941 414 1018 solet,
434 942 565 1003 oratoriis
582 944 762 1002 ornamentis
777 941 895 1002 adhibi·
970 951 972 978 ¹

205 1024 385 1098 tis,.dicere.
405 1019 467 1106 Ego
486 1039 583 1085 autem
601 1021 722 1102 illaipsa
738 1025 894 1103 ,φανὴ
971 1053 972 1060 1

206 1105 442 1261 {raiatia
456 1102 488 1242 ii
504 1101 895 1263 issifffissaffff'i'iz

797 1227 809 1257 2

207 1268 277 1347 quia
293 1264 358 1326 sunt
375 1263 570 1336 admirabilia,
591 1281 751 1345 contraque
772 1261 895 1344 opinioss

207 1365 278 1406 nem
293 1347 445 1416 omnium,
458 1343 494 1402 ab
509 1345 578 1423 ipsis
589 1345 678 1404 etiam
692 1342 836 1423 κιςέδιξι
846 1365 897 1424 ap·

128 1483 131 1497 ,
207 1425 362 1566 peellantur.
380 1422 509 1489 Tentare
527 1423 628 1498 volui,
646 1419 802 1504 poffentne
823 1445 896 1503 prod

242 1508 280 1566 ni
299 1509 329 1565 in
350 1505 466 1577 lucem,
481 1503 516 1562 id
528 1500 592 1576 est,
613 1506 643 1562 in
661 1502 781 1576 forum,
801 1504 835 1564 δι
851 1507 897 1566 ‘ira

212 1586 290 1659 dici,
306 1602 338 1644 ur
354 1585 560 1664 probatorium
579 1603 616 1642 an
633 1583 687 1644 alia
699 1584 835 1663 quaedam
851 1606 898 1646 es·

212 1665 255 1727 set
276 1665 407 1738 erudita,
422 1665 477 1722 alia
494 1663 640 1743 popularis
658 1667 774 1724 oratio:
799 1665 899 1747 eoque

212 1743 311 1828 scripsi
329 1746 484 1817 libentius,
501 1742 581 1823 quod
598 1744 670 1804 mihi
687 1741 739 1806 ista
755 1746 901 1820 παρέδιξι

212 1847 277 1907 quae
292 1825 460 1906 appellant,
478 1825 603 1886 maxime
617 1824 755 1888 videntur
768 1823 825 1884 effe
841 1825 899 1885 So-

212 1908 338 1982 cratica,
352 1903 498 1986 longeque
514 1906 674 1966 verissima.
689 1904 828 1985 Accipies
843 1907 899 1988 igi·

211 1987 331 2050 tunhoc
355 2004 477 2065 parvum
499 1984 667 2062 opusculum
682 2029 694 2060 ,
712 1983 916 2047 lucubratum.

212 2069 257 2130 his
270 2066 330 2146 jam
343 2062 574 2128 contractioribus
586 2065 741 2140 nociibus,
754 2069 899 2148 quoniam
917 2081 919 2084 ’

212 2149 284 2213 illud
305 2143 449 2226 majorum
470 2145 633 2228 vigiliarum
659 2153 768 2208 tuuuus¹
789 2149 820 2208 in
845 2163 901 2213 tuo

213 2231 335 2306 nomino
352 2229 501 2308 apparuit3
515 2228 548 2285 &
565 2224 725 2310 degustabis
736 2247 831 2310 genus
839 2229 902 2290 hoc

213 2310 452 2382 exercitationum
477 2328 602 2381 earum,
625 2307 732 2389 quibus
755 2311 799 2368 uti
825 2331 900 2370 cona·

213 2389 316 2462 suevi,
334 2407 424 2468 quum
440 2408 494 2460 ea,
511 2408 574 2468 qua
589 2387 722 2448 dicuntur
739 2389 772 2447 in
792 2389 900 2452 stholis

214 2473 296 2533 oriani.
314 2511 323 2540 ,
342 2469 380 2528 ad
397 2467 601 2530 nostmmhoe
620 2469 781 2534 oratorium
800 2488 898 2532 trans·

213 2546 277 2608 fero
289 2547 419 2609 .dicendi
438 2569 537 2630 genus.
557 2547 745 2610 Hoc'nnen
770 2571 847 2630 opus
868 2554 902 2612 in

212 2643 367 2706 acceptum
384 2645 416 2690 ut
434 2629 562 2704 referas,⁸
583 2629 654 2696 nihil
674 2625 791 2715 postulo
807 2650 818 2688 a
834 2651 898 2691 non

214 2703 260 2771 est.
277 2708 356 2766 enim
374 2707 459 2782 tale,
482 2727 514 2768 ut
535 2713 566 2769 in
586 2729 653 2770 arce
679 2711 751 2789 poni
776 2715 900 2789 possita

213 2788 294 2870 quasi
313 2787 371 2857 illa.
383 2788 519 2852 Minerua
540 2789 646 2850 Phidia
658 2808 678 2862 ;.
694 2787 744 2850 sed
768 2807 871 2854 tamen
886 2837 901 2870 ‚

215 2885 300 2952 uter
316 2869 420 2934 eadem
435 2868 550 2934 officiua
565 2867 651 2934 exiise
668 2887 819 2954 appareat.
