1928 3602
227 263 278 355 96
376 262 448 332 Dr
478 263 731 350 zaoravs,

225 375 290 434 huic
301 375 408 435 civitati
416 375 494 434 illam
503 372 686 454 potestatem:
696 377 805 458 quippe
816 393 904 456 quant

226 469 378 533 tantopere
393 454 516 592 populus
526 453 621 514 noller
635 457 765 536 ignotam
776 456 904 534 experis-

227 533 293 604 set,
315 535 365 614 qui
386 554 426 613 po
450 552 479 594 et
499 552 594 593 carere
612 535 752 615 cogniti?
771 534 905 614 sapientis

227 631 324 676 autem
340 617 409 673 civis
420 612 493 686 suit,
509 611 620 672 causam
631 633 684 674 nec
699 612 905 696 perniciosam,

228 693 261 751 δι
277 693 318 750 ita
335 693 527 772 popularem,
548 710 658 752 utnon
677 693 769 774 pollet
789 691 906 764 obsisti,

250 773 389 831 erniciose
417 769 548 852 populari
572 773 628 830 civi
654 792 714 832 non
734 774 907 853 relinquere.

227 793 291 912 §cis
307 850 525 923 solere,frater,
540 851 569 908 in
580 849 740 928 hujusmodi
756 852 906 922 sermone,
950 851 951 902 l

229 949 262 992 ut
270 934 382 990 transiri
391 931 448 989 alii>
457 933 567 1010 possit,
584 949 629 990 nn
643 949 789 1006 nonunt,
801 932 869 990 dici.
950 931 951 938 ’

230 1049 235 1057 -
271 1009 337 1070 XII.
348 1010 429 1070 Αττ.
439 1009 551 1070 Prorsus
562 1010 601 1067 ita
611 1009 660 1069 est.
672 1009 716 1089 Q.
728 1011 816 1071 Haud
826 1010 908 1091 equi·
950 1033 951 1036 ¹

230 1091 299 1150 dem
317 1089 463 1150 assentior:
477 1106 615 1149 tutamen
632 1090 669 1148 ad
684 1092 793 1171 reliqua
807 1109 908 1171 pergas
950 1139 951 1164 ,

229 1169 327 1229 velim.
345 1171 390 1228 M.
407 1168 571 1228 Perseveras
583 1169 757 1249 mquidem,
776 1171 909 1232 &intua
950 1187 951 1200 .

229 1264 331 1326 vetere
351 1248 490 1310 sententia
504 1267 664 1327 permanes.
682 1247 725 1326 Q.
741 1247 829 1306 Nunc
841 1267 908 1307 rne-

231 1327 358 1388 hercule.
376 1333 456 1390 Αττ.
474 1327 536 1408 Ego
553 1325 618 1387 sane
637 1348 655 1385 a
676 1325 792 1405 Quinto
811 1325 909 1386 nostro

138 1433 139 1438 ¹
232 1405 372 1467 dissentio.
391 1407 450 1468 Sed
465 1427 519 1476 ea,
538 1425 601 1486 quae
612 1405 736 1480 restant,
752 1406 909 1465 audiamus.

233 1485 279 1546 Μ.
296 1485 444 1574 Deinceps
459 1487 545 1566 igitur
556 1487 688 1546 omnibus
703 1483 911 1566 magistratibus

234 1564 356 1644 auspicia
375 1566 407 1624 ὃ(
418 1565 522 1642 judicia
532 1564 646 1624 dannrr:
658 1564 779 1643 judicia,
791 1582 825 1624 ut
844 1562 911 1625 ellet

150 1651 152 1658 ’
176 1704 179 1709 ,
220 1653 274 1726 'po
296 1645 336 1702 uli
356 1645 502 1724 poteslas,
522 1644 660 1723 adquam
678 1661 911 1724 provocaretur3
950 1717 951 1724 ἵ

235 1667 379 1804 auspicia,
400 1739 433 1781 ut
458 1721 563 1782 multos
587 1724 700 1784 inutiles
727 1725 913 1795 comitiatus,

142 1830 150 1872 ·,
235 1803 399 1883 probabiles
419 1802 593 1880 impedirent
612 1822 717 1862 morae:
738 1802 813 1882 saepe
836 1803 912 1864 enirn

237 1883 339 1963 populi
349 1883 489 1960 impetum
505 1878 639 1955 injustum
650 1880 777 1961 auspiciis
793 1883 835 1941 dii
855 1885 912 1941 im-

128 2031 129 2036 ,
236 1961 372 2021 mortales
390 1957 586 2038 reprelserunt
604 1957 648 2017 Ex
668 1962 711 2018 his
731 1980 848 2034 autern,
867 1959 913 2040 qui

148 2807 151 2812 .
240 2749 385 2822 creverit,
401 2748 438 2811 de

237 2039 429 2122 magistratum
445 2056 600 2117 ceperunt,
612 2040 690 2118 quod
702 2039 813 2100 senatus
825 2038 914 2100 effici·
949 2039 950 2046 ’

237 2135 306 2198 tur,
325 2118 463 2198 populare
478 2118 509 2176 id
526 2116 606 2190 sane,
622 2119 769 2179 neminem
783 2121 814 2176 in
836 2120 915 2178 surn-

237 2219 320 2258 mum
335 2199 453 2270 locum,
472 2199 527 2256 nisi
543 2216 595 2277 per
613 2198 914 2277 populum-venire,

239 2277 346 2335 sublati
371 2279 558 2354 cooptatione
573 2275 719 2338 censoria:
742 2277 791 2336 sed
835 2275 915 2336 raesllr

238 2353 280 2414 est
299 2351 381 2432 hujus
401 2355 464 2414 vitii
483 2358 682 2434 temperatio,
703 2356 782 2436 qudd
803 2299 915 2418 sgnatis

237 2435 306 2513 lege
322 2431 418 2491 nossrrl
432 2431 614 2494 conlinnanrr
629 2434 788 2495 austoritas.

283 2510 331 2569 28.
353 2509 485 2590 Sequitur
506 2516 603 2573 enim:
625 2514 700 2591 Ejus
723 2518 829 2574 decreta
854 2531 914 2573 rara

235 2590 329 2670 sunto.
353 2589 428 2648 Nam
439 2594 478 2650 ita
491 2590 574 2652 seres
589 2593 691 2666 habet,
702 2612 750 2666 ut,
762 2595 785 2653 si
803 2593 915 2653 senatus

239 2667 376 2744 dominus
395 2671 431 2730 sit
440 2671 557 2810 publici
579 2674 715 2745 concilii,
736 2673 874 2753 quodque
894 2673 916 2730 is

451 2750 683 2831 endantomnes3
699 2752 782 2829 &,si
801 2753 915 2812 ordines

794 2831 916 2916 reliqui,
