1956 3614
230 247 384 318 Lmen
412 259 618 316 uulnus.
717 221 768 344 253

89 369 141 426 nte
164 363 262 446 alique
285 381 371 446 atque
392 359 508 433 fruehu,
532 359 626 420 callidi
652 357 768 438 sumus,

91 467 145 506 non
169 446 252 505 boni.
276 444 354 504 Nam
378 442 447 523 quid
473 440 558 501 faciet
580 443 603 502 is
624 440 714 502 homo
736 446 767 503 in

93 527 237 598 tenebris,
265 527 315 607 qui
334 523 404 582 nihil
428 524 512 582 timet
536 524 590 580 nisi
613 519 713 582 testem
735 523 768 584 &

94 600 240 682 judicem?
266 604 337 686 quid
361 606 390 662 in
413 601 525 662 deserto
549 603 616 662 loco
641 599 769 680 nastus,

93 705 172 764 quem
191 686 284 746 multo
305 705 382 744 auro.
396 681 517 763 spoliare
536 685 648 762 possit,
669 683 770 744 imbe-

90 767 180 826 riflum
201 784 230 827 at
271 763 432 826 esolum?
463 761 558 822 noster
581 764 700 844 quidem
721 764 769 825 hic

87 848 184 906 nature
201 844 231 925 ju
274 848 352 906 svir
371 865 404 904 ac
425 845 541 913 bonus,
564 847 651 903 etiam
672 843 770 906 collo·-

87 944 207 1006 quetur‚
229 925 340 1006 juvabit
352 969 363 1000 ‚
377 924 407 984 in
419 927 500 986 viam
518 922 659 984 deducet:
678 927 702 984 is
713 945 771 986 ve·

88 1008 139 1080 rb,
151 1009 200 1086 qui
216 1007 284 1065 nihil
301 1006 416 1066 alterius
430 1003 516 1064 causa
533 1002 601 1062 facit
612 1048 622 1077 ,
634 1005 666 1064 &
681 1008 771 1065 meti·

86 1103 131 1146 eur
144 1085 199 1146 suis
209 1087 373 1146 commodis
386 1087 506 1158 omnia,
523 1083 648 1158 videtis,
661 1085 767 1163 credo,

88 1167 153 1246 quid
175 1170 210 1226 sit
230 1165 349 1226 anunm
373 1163 469 1244 Qubd
494 1165 520 1224 si
537 1165 654 1246 negabit
677 1164 704 1226 se
725 1167 768 1227 illi

87 1249 172 1307 vitam
198 1265 386 1326 erepturum,
409 1246 441 1305 &
460 1264 560 1304 aurum
585 1245 767 1321 ablaturum,

84 1348 240 1409 numquam
257 1328 296 1386 ob
313 1347 378 1388 eam
394 1325 504 1386 causam
524 1327 661 1406 negabit,
682 1331 765 1409 quod

80 1407 112 1466 id
123 1408 223 1468 nature
232 1425 316 1488 turpe
331 1404 438 1483 judicet
446 1425 456 1477 ;
470 1405 518 1466 sed
539 1407 620 1486 qued
633 1425 763 1482 metuat,

79 1507 118 1548 ne
134 1505 271 1560 emanet,
289 1487 319 1546 id
337 1485 398 1560 est,
417 1506 454 1546 ne
473 1487 580 1546 malum
600 1487 712 1548 hebeat.
729 1487 761 1549 O

77 1587 144 1628 nem
154 1569 278 1650 dignam
291 1611 301 1640 ,
313 1570 343 1626 in
355 1588 411 1647 qua
423 1589 482 1626 non
495 1567 587 1626 mode
600 1567 694 1642 doffi,
709 1589 765 1632 ve·

78 1651 143 1708 rum
158 1652 248 1709 etiam
260 1644 381 1729 agrestes
398 1647 579 1708 erubescant!

74 1767 78 1774 ·
118 1728 190 1790 XV.
208 1727 272 1788 Jem
285 1729 357 1788 verb
370 1728 440 1787 illud
457 1726 669 1802 stultiesimum,
684 1732 761 1790 exis-

74 1810 179 1869 timare
200 1811 299 1868 omnia
317 1805 385 1884 justa
403 1806 479 1881 ess'e,
499 1829 563 1888 quae
581 1807 649 1869 scita
661 1812 717 1870 sint
729 1814 760 1872 in

75 1889 255 1970 populorum
270 1885 419 1962 institutis,
432 1905 480 1947 aut
498 1888 618 1969 legibus.
643 1887 759 1950 Etiam·
874 1959 879 1968 ᾗ

73 1989 134 2043 ne,
153 1974 178 2030 si
196 1989 260 2050 quae
274 1970 355 2052 leges
374 1971 429 2028 sint
447 1969 656 2048 tyrannomm?
670 1973 694 2029 si
707 1973 760 2032 tri·

93 2053 154 2110 inte
167 2048 210 2110 illi
226 2048 347 2109 Athenis
366 2048 446 2130 leges
470 2051 621 2128 imponere
641 2050 757 2112 voluisa

71 2069 155 2204 ῗεητ,
178 2147 247 2201 aut,
264 2132 289 2188 si
306 2149 406 2188 omnes
422 2127 612 2188 Athenienses
629 2128 756 2189 delean·

70 2229 173 2270 rentur
189 2211 346 2290 tyrannicis
357 2208 467 2290 legibue
478 2254 487 2280 ,
499 2229 567 2267 num
585 2208 692 2269 idcirco
712 2210 757 2272 hae

67 2291 152 2372 leges
181 2287 260 2366 justae
281 2288 478 2349 haberentur?
496 2289 613 2362 nihilh,
635 2290 726 2351 eredo
737 2337 753 2367 .,

66 2374 166 2453 magis
183 2369 253 2442 illa,
274 2391 358 2450 quam
375 2373 499 2430 interrex
518 2367 612 2430 noster
628 2371 713 2445 tulit,
724 2387 756 2436 ut

64 2451 195 2512 efflator
214 2469 302 2530 quem
318 2450 408 2511 vellet
424 2452 549 2523 civium,
566 2447 670 2509 indiae
687 2471 754 2512 cau-

65 2533 131 2604 εἲι,
160 2532 281 2610 impune
308 2528 402 2609 posset
430 2530 571 2590 occidere.
601 2527 647 2589 Est
673 2535 752 2593 enim

64 2632 163 2672 unum
181 2609 247 2689 jus,
261 2632 320 2690 quo
337 2609 518 2671 devineaest
533 2611 682 2672 hominum
702 2611 753 2671 so·-
805 2647 827 2680 χ

64 2695 181 2762 ciens,
195 2690 228 2750 ὃ(
243 2691 322 2771 quod
333 2691 379 2752 lex
389 2689 531 2751 constituit
541 2712 613 2764 una3
627 2712 689 2772 quae
704 2693 751 2754 lex

63 2769 106 2834 est
127 2769 208 2832 reeh
226 2774 299 2834 ratio
315 2773 477 2854 imperandi
490 2789 575 2853 atque
590 2772 754 2852 prohiben-

45 2913 55 2936 ,
108 2855 215 2914 Tomus
238 2853 280 2918 Χ.
624 2849 651 2916 Β
754 2891 761 2907 «
