1954 3604
233 238 388 308 errrrr
424 253 631 310 territos.
701 251 770 332 171

78 346 180 414 histrio
204 353 263 414 hoc
288 352 401 415 videbit
420 356 450 413 in
472 355 583 430 scena,
608 355 687 436 quod
712 377 771 415 non

78 434 198 496 ridebit
220 433 332 514 sapiens
356 437 386 495 in
409 434 497 496 vita?
520 435 570 496 Ad
593 455 662 517 quas
686 436 774 518 igitur

79 534 126 575 res
156 517 303 596 aptissimi
325 517 455 590 erimus,
478 517 507 574 in
531 518 565 577 iis
587 518 770 596 potissimirm

79 595 315 656 elaborabimus}
326 597 370 656 sin
384 597 536 678 aiiquando
547 599 700 658 necessitas
714 619 769 660 nos

79 676 116 735 ad
138 695 176 736 ea
196 675 374 751 detruserit,
393 698 457 759 quae
475 676 562 738 nostri
581 680 689 762 ingenii
707 699 768 738 non

79 772 187 830 erunt3
208 759 304 818 omnis
323 757 485 819 adhihenda
501 761 556 819 erit
571 779 656 833 eura,
671 759 771 818 medi·

76 840 173 910 tatio,
196 836 367 919 diligentia,
386 855 419 899 ut
440 857 495 912 ea,
521 842 544 898 si
562 859 622 898 non
640 838 769 913 decore,

77 935 105 977 at
124 917 218 998 quiam
233 919 385 984 minimhm
401 918 539 978 indecore
558 918 652 979 facere
689 919 767 979 ossi-

77 1017 155 1058 mus.
174 996 240 1057 Nec
258 1015 317 1057 tam
333 995 374 1058 est
396 997 566 1058 enitendum
585 1044 594 1071 ,
616 1017 647 1058 ut
663 939 767 1073 hona,

77 1097 144 1157 quae
164 1079 253 1138 nohis
263 1078 328 1138 data
339 1098 400 1138 non
414 1082 492 1153 sint,
505 1078 668 1159 sequamur,
680 1079 767 1160 quiam

77 1175 115 1230 ut
132 1160 207 1219 vitia
224 1157 390 1242 fugiamus·
755 1181 758 1216 ι

115 1237 251 1299 XXXII.
269 1237 314 1298 Ac
333 1239 443 1299 duabus
464 1240 498 1299 iis
517 1237 672 1320 personis,
694 1259 764 1321 quas

76 1315 160 1399 snpra
176 1319 257 1393 dixi,
273 1322 356 1380 tertia
370 1317 532 1404 adjungitur
550 1364 560 1394 ,
580 1339 666 1400 quarn
683 1319 762 1382 casus

75 1400 196 1481 aliquis,
206 1415 255 1460 aut
264 1415 379 1480 tempus
393 1401 519 1482 imponit
529 1421 539 1472 ;
548 1417 646 1480 quarta
656 1403 760 1477 etiam,

76 1499 164 1560 quam
192 1479 336 1541 nobismet
358 1481 427 1560 ipsis
452 1479 558 1559 judicio
586 1479 682 1542 nostro
708 1504 763 1542 ac-

76 1561 312 1624 commodamus.
329 1559 405 1620 Nam
421 1581 528 1647 regna,
547 1562 685 1642 imperia,
706 1583 763 1622 no·

75 1641 220 1716 bihtates,
241 1641 386 1715 honores,
403 1641 510 1702 divitiae
522 1685 531 1715 ,
543 1663 561 1700 o
585 1662 615 1702 es
626 1686 636 1714 ,
647 1661 760 1722 eaque,

76 1741 138 1802 quae
154 1721 221 1784 sunt
237 1721 281 1780 his
297 1723 457 1796 contraria,
474 1723 504 1781 in
521 1663 584 1781 cadi
601 1722 672 1796 sita,
685 1733 766 1794 tems¹

75 1803 193 1882 poribus
221 1803 416 1885 gubernantur
437 1823 446 1874 ;
471 1803 527 1882 ipsi
549 1819 646 1861 autem
671 1821 758 1882 quam

75 1883 239 1960 personam·
247 1901 347 1964 gerere
357 1883 498 1956 velimus,
514 1904 531 1940 a
546 1879 639 1941 nostra
652 1882 760 1942 volun-

74 1979 131 2026 tate
154 1961 367 2044 proficiscitur:
386 1965 481 2042 itaque
499 1961 527 2022 se
543 1963 589 2022 alii
605 1962 642 2021 ad
681 1962 758 2022 hilo-

12 2077 13 2088 .
72 2041 224 2124 sophiam,
246 2043 293 2103 alii
315 2042 352 2101 ad
375 2040 418 2120 jus
441 2042 550 2116 civile,
568 2042 648 2100 aliia
691 2041 759 2102 elo·

12 2177 13 2186 ,
72 2127 222 2205 quentiam
239 2123 402 2204 applicant;
415 2122 595 2204 ipsarumque
616 2123 757 2184 virtutum

12 2251 14 2302 {
72 2205 100 2264 in
118 2206 175 2264 alia
192 2202 265 2263 alius
279 2203 388 2264 mavult
408 2202 561 2264 excellere.

114 2286 182 2350 116.
198 2283 339 2363 Quorum
348 2284 421 2343 veri>
438 2300 551 2364 patres,
568 2297 616 2341 aut
630 2279 756 2361 majores

12 2353 14 2370 ’
71 2366 165 2446 aliqui
182 2364 278 2448 gloriri
291 2361 499 2446 praestirerunt,
519 2365 538 2422 ii
558 2359 671 2422 student
688 2362 755 2443 ple-

73 2466 195 2528 rumque
225 2444 333 2506 eodem
361 2446 390 2503 in
408 2463 514 2525 genere
539 2442 628 2503 laudis
655 2443 753 2504 excel-

71 2525 129 2588 lere
151 2548 160 2599 ;
182 2542 214 2586 ut
241 2524 284 2664 (ἒ.
304 2524 448 2598 Mucius,
472 2522 505 2584 P.
522 2520 622 2597 filius,
647 2525 678 2583 in
700 2521 752 2604 ju-

73 2627 104 2669 re
125 2607 204 2667 civili
222 2623 232 2678 3
272 2604 329 2665 auli
347 2603 421 2664 filius
443 2602 592 2664 Africanus
609 2605 638 2662 in
653 2623 684 2665 re
698 2607 755 2664 mi.

12 2727 14 2744 .
69 2685 153 2747 litari.
171 2685 306 2766 Quidam
322 2703 419 2745 autem
436 2685 472 2744 ad
488 2705 535 2745 eas
549 2684 666 2757 laudes,
682 2704 753 2765 quas

12 2871 14 2898 i

12 2903 14 2922 t

67 2788 84 2826 a
111 2768 238 2849 patribus
267 2783 440 2846 acceperunt
463 2765 617 2902 ,addunltl
628 2764 753 2857 aliquam

633 2865 651 2921 ¹1
