1928 3602
191 252 264 320 124
336 232 409 306 Di·
448 241 728 312 orrrcrts,'

120 381 122 388 ·
226 343 309 406 Vlll.
329 345 508 427 Expetuntur
535 362 630 408 autern
648 346 770 408 divitiae*
784 365 882 426 qutun.

185 425 222 484 ad
237 424 299 486 usus
309 429 376 486 vitae
393 423 577 499 necessarios,
589 442 651 484 tum
663 427 699 486 ad
717 427 881 507 perfruenm

185 505 236 563 das
253 506 450 585 ¹voluptates..
466 504 500 566 In
525 504 625 584 quibus
652 523 749 564 autern
776 504 869 584 major

184 581 226 644 est
244 588 374 657 animus,
389 588 419 644 in
436 587 468 646 iis
485 588 613 665 pecuniae
633 584 771 666 cupiditas
791 585 870 666 spec-

184 679 226 722 tat
252 663 288 722 ad
309 684 402 744 opes,
427 665 459 723 &
482 663 518 722 ad
564 661 721 723 ratificandi
744 664 870 726 faculta-

183 759 244 806 tem
256 764 265 816 ;
285 759 316 802 ut
329 763 418 823 nuper
433 743 477 804 M.
489 683 600 804 Cralius
617 745 762 826 negabat,
781 745 870 804 ullam

184 823 247 882 satis
267 843 399 905 magnam
411 826 561 904 pecuniam
577 821 632 882 elle
645 828 672 884 ei
686 869 694 897 ‚
710 827 805 902 quiin
824 845 870 884 re·

184 902 298 982 publica
314 906 446 984 princeps
467 903 556 964 uellet
574 901 652 975 ess'e,
673 900 753 978 cujus
774 903 871 964 fruen-

175 981 239 1054 thus
257 986 413 1044 exercituin
427 983 502 1042 alere
516 1001 576 1040 non
590 980 689 1061 pollet·
713 981 882 1044 DeleElant.

186 1064 272 1130 etiarn
289 1061 432 1144 magnifici
455 1078 605 1142 apparatus
626 1104 636 1135 ,
655 1064 783 1140 viteque
809 1064 882 1122 cul-v

186 1158 231 1208 tus
255 1160 320 1200 curn
340 1142 526 1223 elegantia&
545 1143 646 1221 copia;
662 1141 767 1219 ,quibus
784 1143 871 1203 rebus

187 1218 319 1284 effetum
333 1217 392 1294 est,
408 1239 439 1280 ut
455 1219 563 1284 infinita
581 1224 709 1300 pecuniae
730 1222 883 1300 cupiditas·

187 1297 265 1360 effet.
292 1299 356 1361 Nee
369 1303 443 1362 verb
455 1305 495 1362 rei
505 1300 647 1378 familiaris
657 1299 845 1380 amplificatio
856 1345 867 1373 ‚

188 1381 295 1438 nemini
316 1373 424 1441 noc‘ens
436 1424 446 1452 ,
456 1379 659 1460 vituperanda:
672 1379 722 1440 sed
733 1379 871 1462 fugienda

190 1457 300 1538 semper
316 1458 417 1538 injuria
436 1457 485 1520 est.

232 1539 279 1598 26.
300 1539 426 1604 Maxime
438 1557 533 1600 autern
550 1537 727 1598 adducuntur
739 1539 870 1620 plerique

190 1635 223 1684 ur
246 1637 297 1678 eos
319 1616 427 1697 justitiae
452 1622 541 1700 capiat
566 1618 704 1690 oblivio,
727 1637 818 1696 quum
841 1623 870 1680 in

189 1699 394 1777 imperiorum,
406 1700 565 1771 honorum,
595 1699 672 1758 loriae
685 1717 721 1756 cu
742 1698 871 1758 iditatern

189 1778 347 1844 inciderint.
359 1778 453 1857 Quod
465 1781 541 1840 enirn
556 1719 597 1838 el
615 1777 691 1859 apud
731 1783 852 1854 unium,

191 1908 270 1993 Nulla
281 1907 363 1978 sanila
375 1908 477 1978 sotietas
486 1929 496 1972 ,¹
507 1911 616 1980 necfides
634 1909 699 1974 regni
709 1909 741 1972 est
752 1925 761 1958 .·

164 2045 166 2048 ·
190 2017 223 2078 id
245 2017 328 2080 latilrs
353 2036 449 2099 patet:
477 2039 543 2078 nam
570 2018 706 2098 quidquid
729 2015 872 2096 ejusmodi
951 2045 953 2098 ἦ

191 2096 255 2173 est,
275 2102 379 2179 inquo
396 2121 455 2160 non
469 2101 578 2180 possint
595 2098 690 2176 plures
710 2097 872 2170 excellere,

192 2181 223 2237 in
247 2199 283 2238 eo
304 2178 336 2238 fit
359 2181 469 2258 plerum
490 2199 525 2238 ue
544 2181 791 2239 tantacontentio
809 2215 827 2250 ‚·
840 2193 873 2236 ut

191 2255 391 2316 difficillimum
412 2199 593 2322 sitlanelam
613 2256 723 2320 servare
750 2257 874 2318 societa-

192 2351 263 2404 tem'.
275 2335 442 2400 Declaravit
453 2338 483 2398 id
495 2335 586 2398 rnbdb
600 2340 746 2414 temeritas
756 2334 794 2396 C.
805 2336 874 2396 Cae-

194 2416 278 2490 saris,
298 2418 347 2495 qui
361 2421 459 2478 omnia
473 2415 535 2495 jura
545 2417 649 2496 rdivilna
665 2433 749 2496 atque
758 2417 873 2476 huma-

194 2516 232 2562 na
252 2500 408 2576 pervertit,
422 2514 542 2578 propter
555 2517 641 2571 eum,
651 2517 740 2577 quent
751 2497 806 2556 sibi
826 2499 873 2576 ip·

193 2575 223 2634 se
238 2577 386 2654 vopinionis
402 2597 498 2640 errore
515 2575 653 2650 finxerat,
671 2578 874 2656 principatum.

193 2652 242 2712 Est
260 2670 355 2715 autem
365 2657 394 2714 in
411 2656 467 2716 hoc
482 2677 589 2739 genere
604 2653 776 2736 molestum,
790 2655 873 2734 qubd

190 2735 222 2794 in
241 2736 370 2799 maximis
384 2739 502 2814 animis,
518 2733 805 2819 splendidissimisque
822 2737 877 2816 ,ing
