1958 3598
189 237 270 331 448,
379 235 680 314 Prnnnoxn,

189 369 347 430 numquam
368 349 424 424 eris
444 349 525 408 dives
542 346 630 419 ante,
651 344 741 426 ,quim
761 343 814 406 tibi
835 365 874 412 es

187 425 245 492 luis
270 429 493 510 poll'essionibus
515 446 629 501 tantum
649 425 822 502 reficiatur,
845 444 877 491 ut

189 532 227 590 eo
244 514 319 572 tueri
337 509 386 571 sex
402 511 553 591 legiones,
571 507 604 567 &
620 529 727 588 magna
744 510 878 588 equitum

192 612 226 655 ac
247 591 378 671 peditum
395 591 499 656 auxilia
514 590 619 668 possis.
636 585 699 647 Jam
713 587 812 650 fateris
822 591 879 668 igi-

192 688 237 733 tur
247 693 306 734 non
319 672 374 732 elle
383 690 415 738 ‚te
428 670 632 748 ¹¹dirritem,.cui
645 685 759 729 tanturn
782 668 881 741 desit,

192 769 225 812 ut
248 751 364 832 expleas
381 753 435 824 id,
457 749 538 832 quod
557 765 687 844 exoptas.
708 746 881 828 Itaque-is-

192 848 253 892 tam
277 849 506 914 paupertatem,
530 830 579 890 vel
600 832 701 908 ponus¹
718 827 882 910 egestatem

192 935 226 982 ac
246 913 463 974 mendicitatem
479 929 560 972 tuam
577 929 736 990 munquam
751 907 881 982 ,obscure

191 991 290 1056 tulisti.

236 1072 275 1135 II.
295 1071 372 1135 Nam
391 1089 423 1136 ut
441 1073 498 1148 iis,
520 1072 569 1154 qui
585 1067 704 1132 honeste
725 1090 791 1132 rem
808 1090 885 1151 quae

195 1175 260 1223 runt
278 1159 447 1218 mercaturis
463 1153 621 1224 faciendis,
639 1153 738 1232 operis
757 1151 883 1224 dandis,

195 1235 315 1316 publicis
333 1235 500 1314 sumendis,
518 1233 706 1314 intelligimus
723 1253 801 1313 opus
825 1229 883 1294 elle.

197 1319 337 1394 quaesit03
359 1319 419 1390 sic,
438 1317 486 1396 qui
502 1314 587 1392 videt
603 1316 689 1388 domi
700 1313 762 1374 'tuae
777 1316 885 1394 pariter

196 1394 392 1470 accusatorum
426 1414 513 1476 atque
545 1392 674 1474 judicum
700 1393 886 1472 consociatos

196 1473 299 1616 grepes
310 1521 332 1548 „
343 1479 392 1558 qui
409 1494 550 1555 nocentes
568 1476 599 1534 ὃ(
621 1474 797 1554 pecuniosos
818 1494 887 1550 reos

197 1575 235 1616 eo
257 1577 305 1617 em
321 1576 350 1620 te
366 1556 479 1628 audiere
492 1557 690 1636 corruptelam
704 1551 807 1634 judicii
820 1576 887 1630 mo.

197 1632 322 1720 lientes,
346 1640 396 1720 qui
413 1655 475 1698 tuas
494 1635 665 1714 mercedum
687 1634 838 1716 padiones
852 1637 886 1696 in

198 1721 385 1802 patrociniis,
404 1716 625 1778 intercessiones
647 1719 836 1796 pecuniarum
855 1719 887 1776 in

198 1800 371 1860 coitionibus
389 1797 624 1878 candidatorum,
644 1798 826 1858 dimissiones
846 1795 885 1867 li·¹

198 1878 348 1949 benorum
377 1879 415 1938 ad
443 1877 665 1940 defoenerandas
690 1875 885 1958 diripiendas-.-

201 1981 257 2041 que
281 1961 464 2040 provincias,
485 1961 536 2040 qui
554 1959 741 2040 expulsiones
764 1960 887 2019 uicino·
922 1957 926 1965 ⁴

200 2061 287 2116 rum,
310 2042 360 2122 qui
382 2041 532 2116 latrocinia
556 2041 587 2100 in
612 2042 714 2122 agris,
738 2043 790 2120 qui
820 2059 887 2102 cum

201 2120 312 2204 servis,
327 2143 392 2202 cum
410 2122 537 2194 libertis,
551 2141 617 2180 cum
631 2119 782 2199 clientibus
793 2119 888 2182 socie·

201 2217 275 2280 tates
292 2247 302 2274 ,
319 2205 368 2283 qui
387 2199 577 2282 pollessiones
594 2221 722 2274 vacuas,
741 2204 792 2282 qui
812 2223 887 2282 pro-

202 2281 371 2362 scriptiones
391 2283 577 2362 locupletium
588 2325 600 2354 ,
611 2285 661 2362 qui
677 2281 772 2342 caedes
787 2284 888 2360 muniz

202 2363 366 2445 cipiorum,
380 2365 429 2443 qui
445 2364 525 2424 illam
535 2361 643 2424 Sullani
657 2364 802 2443 temporis
809 2382 890 2442 „mesy

203 2440 264 2504 lem
282 2443 467 2518 recordetur,
487 2445 536 2524 qui
554 2442 731 2524 testamenta
742 2441 887 2520 subjedla,

206 2525 257 2603 qui
278 2521 402 2586 sublatos
423 2541 468 2585 tot
495 2525 656 2594 homines,
685 2525 736 2602 qui
763 2524 888 2604 denique

205 2607 305 2666 omnia
316 2607 447 2679 venalia,
460 2604 602 2666 delectum
611 2603 804 2678 ,.decretum,
818 2605 888 2682 aliess

205 2703 294 2758 uam,
311 2684 388 2764 suam
406 2683 595 2758 sententiam,
611 2681 728 2754 forum,
748 2685 891 2763 domum,

204 2784 337 2861 ἕρπω»
355 2764 530 2850 suerrum
547 2767 610 2849 <tuis
629 2765 706 2828 hunc
724 2787 789 2846 ωτι
805 2783 889 2850 estes
