1990 3594
219 255 295 348 360
353 254 424 321 DE
456 254 768 321 Stultorum.

218 369 305 441 sunt,
323 370 355 427 vi
372 365 555 436 avelluntur,
572 363 596 422 si
616 382 727 424 matura
744 365 779 424 δι
801 363 902 438 cotia,

215 449 387 518 decidunt;
414 449 454 505 sic
477 448 567 506 vitam
595 443 829 505 adolescentibus
857 450 903 506 vis

218 529 331 602 aufert,
352 527 465 588 senibus
483 525 648 584 maturitas:
666 545 733 605 quae
752 525 824 584 mihi
839 529 903 608 qui·

218 609 289 670 dem
306 626 364 669 tani
381 605 506 686 jucunda
519 601 577 678 est,
591 619 623 662 ut
645 606 705 685 qud
718 607 844 686 propius
864 606 903 692 ad

219 707 345 749 monent
366 685 503 748 accedam
524 730 534 758 ,
566 685 648 764 quasi
666 703 775 744 terrain
801 687 902 746 videre

218 769 336 842 videat,
346 766 566 847 ‘aliquandoque
582 767 612 823 in
628 781 746 844 ponunt
761 785 800 826 ex
814 766 903 848 longa
985 773 986 796 ³

221 853 288 910 navi
309 850 406 909 atione
428 845 484 907 elle
503 862 651 906 venturus.

261 865 330 990 xii.
348 926 492 988 Omnium
508 943 624 986 aetatum
641 943 735 986 cernas
750 923 793 986 est
804 929 905 986 termi-

220 1031 274 1070 nus
290 1007 474 1081 ;-seneilutis
497 1023 594 1066 autem
615 1006 708 1066 nullus
731 1026 739 1064 τ
769 1007 847 1067 redd
887 1028 904 1068 e

222 1092 252 1148 in
271 1111 306 1152 ea
327 1091 456 1163 vivitur,
474 1086 569 1166 quoad
587 1105 691 1146 munus
709 1084 799 1146 officii
821 1108 857 1148 ex
870 1108 905 1148 e·

219 1172 271 1250 qui
300 1171 331 1228 δι
357 1171 430 1228 tueri
449 1169 570 1248 possis3
596 1167 629 1225 ὃ(
651 1184 751 1228 tamen
776 1185 904 1228 mortem

221 1267 435 1309 contemnere:
464 1267 500 1308 ex
523 1267 586 1328 quo
610 1245 665 1320 fit,
690 1265 721 1308 ut
744 1249 906 1309 animosior

221 1331 310 1388 etiam
326 1327 452 1388 tenelius
470 1333 523 1400 sit,
540 1326 627 1408 quim
646 1326 862 1402 adolescentia,
875 1329 908 1389 &

222 1408 335 1468 fortior.
365 1407 432 1467 Hoc
455 1407 527 1467 illud
553 1405 621 1480 est,
672 1408 732 1466 uod
760 1406 907 1472 Pisistrato

214 1507 350 1567 -tyranno
374 1509 391 1547 a
413 1487 521 1548 Solone
543 1428 711 1568 respondam
729 1485 793 1561 eli3
816 1511 909 1572 quum

223 1569 265 1628 illi
287 1571 452 1650 quaetonti,
481 1568 552 1647 Qui
577 1567 696 1628 tandem
717 1567 767 1649 spe
790 1568 907 1643 fretus,

217 1650 279 1708 ¹sibi
296 1667 355 1710 tam
376 1649 519 1708 audaciter
541 1646 709 1722 obsisteret,
727 1648 907 1730 respondisse

225 1729 349 1802 dicitur,
375 1727 536 1790 Senedute.
561 1727 619 1789 Sed
639 1730 760 1790 vivendi
783 1728 849 1790 finis
867 1729 910 1793 est

224 1813 375 1889 optimus,
397 1829 485 1890 quum
505 1809 758 1890 integramente,
787 1812 910 1873 ceteris-

226 1909 283 1971 que
312 1888 463 1960 sensibus,
492 1910 566 1969 opus
587 1887 647 1972 ipsa
666 1890 747 1950 suum
767 1893 876 1974 eadent
896 1936 913 1970 ,

223 1989 290 2051 quae
306 1971 539 2108 coaffmentavit,
554 1987 655 2038 natura
670 1968 806 2032 dillolvit.
825 1975 828 1983 ‘
873 1986 877 2015 ²
895 1999 899 2002 ·

216 2083 223 2091 -
266 2068 316 2129 73.
376 2066 388 2109 t
418 2067 554 2120 navem,
583 2069 616 2110 ut
643 2049 799 2110 aedificium
826 2053 910 2128 idetn

214 2129 343 2195 ¹destruit
362 2129 517 2202 facillime,
534 2130 585 2208 qui
602 2127 776 2203 construxit3
796 2134 837 2191 sic
851 2129 910 2193 lto-

226 2214 337 2269 minem
349 2211 459 2270 eadem
479 2210 590 2288 optimi
609 2255 619 2282 ‚
639 2229 702 2291 quae
720 2212 911 2293 conglutina-

227 2293 291 2364 vit,
310 2308 410 2349 natura
431 2287 564 2350 dissolvit.
584 2289 647 2349 Jatn
666 2294 762 2350 omnis
785 2295 912 2374 conglu-

227 2373 329 2430 tinatio
349 2391 475 2441 recens,
497 2370 592 2451 aegte3
615 2373 799 2444 inveterata,
823 2372 909 2452 facile

227 2451 396 2510 divellitur:
419 2453 458 2510 ita
483 2449 539 2521 fit,
564 2467 596 2510 ut
620 2450 691 2509 illud
719 2451 809 2512 breve
839 2456 909 2514 vitae

228 2529 372 2609 reliquum
391 2549 445 2588 nec
461 2531 545 2590 avide
561 2530 757 2610 appetendum
773 2531 908 2607 senibus,

228 2627 284 2667 nec
300 2611 361 2668 sine
381 2609 462 2668 causa
482 2609 671 2670 deserendum
690 2613 744 2682 sit3
766 2631 909 2694 vetatque

227 2685 405 2768 Pythagoras
431 2687 532 2764 injussu
553 2693 593 2750 im
615 2693 766 2763 eratotis,
793 2691 910 2768 idest,

213 2768 304 2844 idei,
326 2768 363 2831 de
384 2769 517 2852 prasidio
536 2771 570 2834 δι
587 2711 796 2854 datione-vita
813 2773 910 2914 dsta-

741 2883 742 2888 ’
852 2872 915 2919 efen
