<?xml version="1.0" encoding="UTF-8"?>
<!DOCTYPE html PUBLIC "-//W3C//DTD XHTML 1.0 Transitional//EN"
    "http://www.w3.org/TR/xhtml1/DTD/xhtml1-transitional.dtd">
<html xmlns="http://www.w3.org/1999/xhtml" xml:lang="en" lang="en">
 <head>
  <title>
</title>
<meta http-equiv="Content-Type" content="text/html;charset=utf-8" />
  <meta name='ocr-system' content='tesseract 3.04.00' />
  <meta name='ocr-capabilities' content='ocr_page ocr_carea ocr_par ocr_line ocrx_word'/>
</head>
<body>
  <div class='ocr_page' id='page_1' title='image "./mtulliiciceroni11lallgoog/mtulliiciceroni11lallgoog_0053.png"; bbox 0 0 1956 3614; ppageno 0'>
   <div class='ocr_carea' id='block_1_1' title="bbox 77 213 782 2809">
    <p class='ocr_par' dir='ltr' id='par_1_1' title="bbox 77 213 769 500">
     <span class='ocr_line' id='line_1_1' title="bbox 179 213 769 305; baseline 0.002 -24"><span class='ocrx_word' id='word_1_1' title='bbox 179 213 342 281; x_wconf 76' lang='lat' dir='ltr'>Llnnn</span> <span class='ocrx_word' id='word_1_2' title='bbox 372 228 650 282; x_wconf 79' lang='lat' dir='ltr'>sneunnus.</span> <span class='ocrx_word' id='word_1_3' title='bbox 714 218 769 305; x_wconf 72' lang='lat'>&#39;45</span> 
     </span>
     <span class='ocr_line' id='line_1_2' title="bbox 77 319 768 407; baseline 0 -19"><span class='ocrx_word' id='word_1_4' title='bbox 77 322 131 388; x_wconf 79' lang='lat' dir='ltr'>sed</span> <span class='ocrx_word' id='word_1_5' title='bbox 150 335 293 386; x_wconf 79' lang='lat' dir='ltr'>&#39;aeternum</span> <span class='ocrx_word' id='word_1_6' title='bbox 315 321 481 406; x_wconf 80' lang='lat' dir='ltr'>quiddam,</span> <span class='ocrx_word' id='word_1_7' title='bbox 503 329 583 407; x_wconf 90' lang='lat' dir='ltr'>quod</span> <span class='ocrx_word' id='word_1_8' title='bbox 605 319 768 389; x_wconf 83' lang='lat' dir='ltr'>universum</span> 
     </span>
     <span class='ocr_line' id='line_1_3' title="bbox 80 406 769 500; baseline 0 -32"><span class='ocrx_word' id='word_1_9' title='bbox 80 406 224 468; x_wconf 91' lang='lat' dir='ltr'>mundum</span> <span class='ocrx_word' id='word_1_10' title='bbox 236 423 352 500; x_wconf 77' lang='lat' dir='ltr'>regeret</span> <span class='ocrx_word' id='word_1_11' title='bbox 363 429 373 478; x_wconf 67' lang='lat' dir='ltr'>i</span> <span class='ocrx_word' id='word_1_12' title='bbox 387 407 565 484; x_wconf 85' lang='lat' dir='ltr'>imperandi,</span> <span class='ocrx_word' id='word_1_13' title='bbox 582 409 769 486; x_wconf 85' lang='lat' dir='ltr'>prohibendi-</span> 
     </span>
    </p>

    <p class='ocr_par' dir='ltr' id='par_1_2' title="bbox 81 484 772 1028">
     <span class='ocr_line' id='line_1_4' title="bbox 125 484 768 569; baseline 0.002 -22"><span class='ocrx_word' id='word_1_14' title='bbox 125 508 142 547; x_wconf 94' lang='lat' dir='ltr'>e</span> <span class='ocrx_word' id='word_1_15' title='bbox 161 486 312 567; x_wconf 61' lang='lat' dir='ltr'>sapientia.</span> <span class='ocrx_word' id='word_1_16' title='bbox 333 484 377 544; x_wconf 84' lang='lat' dir='ltr'>lta</span> <span class='ocrx_word' id='word_1_17' title='bbox 391 489 481 565; x_wconf 86' lang='lat' dir='ltr'>princi</span> <span class='ocrx_word' id='word_1_18' title='bbox 504 507 551 547; x_wconf 89' lang='lat' dir='ltr'>em</span> <span class='ocrx_word' id='word_1_19' title='bbox 574 485 670 569; x_wconf 87' lang='lat' dir='ltr'>legem</span> <span class='ocrx_word' id='word_1_20' title='bbox 690 489 768 548; x_wconf 83' lang='lat' dir='ltr'>illam</span> 
     </span>
     <span class='ocr_line' id='line_1_5' title="bbox 84 509 769 644; baseline 0.003 -17"><span class='ocrx_word' id='word_1_21' title='bbox 84 509 267 627; x_wconf 39' lang='lat' dir='ltr'>&amp;ultimam</span> <span class='ocrx_word' id='word_1_22' title='bbox 278 612 289 640; x_wconf 84' lang='lat'><strong>‚</strong></span> <span class='ocrx_word' id='word_1_23' title='bbox 302 583 432 625; x_wconf 88' lang='lat' dir='ltr'>mentem</span> <span class='ocrx_word' id='word_1_24' title='bbox 449 587 465 626; x_wconf 90' lang='lat' dir='ltr'>e</span> <span class='ocrx_word' id='word_1_25' title='bbox 488 587 504 626; x_wconf 92' lang='lat' dir='ltr'>e</span> <span class='ocrx_word' id='word_1_26' title='bbox 522 567 678 643; x_wconf 87' lang='lat' dir='ltr'><strong>dicebant,</strong></span> <span class='ocrx_word' id='word_1_27' title='bbox 701 590 769 644; x_wconf 86' lang='lat' dir='ltr'>om-¹</span> 
     </span>
     <span class='ocr_line' id='line_1_6' title="bbox 82 649 769 727; baseline 0.004 -21"><span class='ocrx_word' id='word_1_28' title='bbox 82 649 130 706; x_wconf 85' lang='lat' dir='ltr'>nia</span> <span class='ocrx_word' id='word_1_29' title='bbox 150 650 264 706; x_wconf 72' lang='lat' dir='ltr'>racione</span> <span class='ocrx_word' id='word_1_30' title='bbox 277 663 325 706; x_wconf 87' lang='lat' dir='ltr'>aut</span> <span class='ocrx_word' id='word_1_31' title='bbox 342 649 492 727; x_wconf 85' lang='lat' dir='ltr'>cogentis,</span> <span class='ocrx_word' id='word_1_32' title='bbox 505 665 554 708; x_wconf 84' lang='lat' dir='ltr'>aut</span> <span class='ocrx_word' id='word_1_33' title='bbox 565 651 687 709; x_wconf 79' lang='lat' dir='ltr'>vetantis</span> <span class='ocrx_word' id='word_1_34' title='bbox 701 649 769 726; x_wconf 83' lang='lat' dir='ltr'>dei,</span> 
     </span>
     <span class='ocr_line' id='line_1_7' title="bbox 81 727 769 810; baseline -0.001 -23"><span class='ocrx_word' id='word_1_35' title='bbox 81 747 120 788; x_wconf 84' lang='lat' dir='ltr'>ex</span> <span class='ocrx_word' id='word_1_36' title='bbox 137 747 195 807; x_wconf 89' lang='lat' dir='ltr'>qua</span> <span class='ocrx_word' id='word_1_37' title='bbox 212 727 339 799; x_wconf 82' lang='lat' dir='ltr'>illalex,</span> <span class='ocrx_word' id='word_1_38' title='bbox 400 747 445 784; x_wconf 85' lang='lat' dir='ltr'>am</span> <span class='ocrx_word' id='word_1_39' title='bbox 463 727 503 786; x_wconf 86' lang='lat' dir='ltr'>dii</span> <span class='ocrx_word' id='word_1_40' title='bbox 521 727 647 788; x_wconf 85' lang='lat' dir='ltr'>humano</span> <span class='ocrx_word' id='word_1_41' title='bbox 670 731 769 810; x_wconf 79' lang='lat' dir='ltr'>generi</span> 
     </span>
     <span class='ocr_line' id='line_1_8' title="bbox 82 805 772 886; baseline 0.003 -19"><span class='ocrx_word' id='word_1_42' title='bbox 82 807 245 882; x_wconf 87' lang='lat' dir='ltr'>dederunt,</span> <span class='ocrx_word' id='word_1_43' title='bbox 255 805 355 867; x_wconf 75' lang='lat' dir='ltr'>teslee</span> <span class='ocrx_word' id='word_1_44' title='bbox 393 805 521 866; x_wconf 83' lang='lat' dir='ltr'>laudata:</span> <span class='ocrx_word' id='word_1_45' title='bbox 533 805 573 867; x_wconf 90' lang='lat' dir='ltr'>est</span> <span class='ocrx_word' id='word_1_46' title='bbox 585 811 663 868; x_wconf 91' lang='lat' dir='ltr'>enim</span> <span class='ocrx_word' id='word_1_47' title='bbox 678 813 772 886; x_wconf 86' lang='lat' dir='ltr'>ratio,</span> 
     </span>
     <span class='ocr_line' id='line_1_9' title="bbox 81 882 771 968; baseline 0.001 -21"><span class='ocrx_word' id='word_1_48' title='bbox 81 887 226 968; x_wconf 79' lang='lat' dir='ltr'>mensque</span> <span class='ocrx_word' id='word_1_49' title='bbox 246 885 378 967; x_wconf 90' lang='lat' dir='ltr'>sapientis</span> <span class='ocrx_word' id='word_1_50' title='bbox 389 905 410 960; x_wconf 72' lang='lat'>‚¹</span> <span class='ocrx_word' id='word_1_51' title='bbox 421 886 458 946; x_wconf 86' lang='lat' dir='ltr'>ad</span> <span class='ocrx_word' id='word_1_52' title='bbox 475 882 662 966; x_wconf 82' lang='lat' dir='ltr'>jubendum,</span> <span class='ocrx_word' id='word_1_53' title='bbox 682 889 713 949; x_wconf 86' lang='lat'>&amp;</span> <span class='ocrx_word' id='word_1_54' title='bbox 734 889 771 948; x_wconf 90' lang='lat' dir='ltr'>ad</span> 
     </span>
     <span class='ocr_line' id='line_1_10' title="bbox 84 963 764 1028; baseline -0.006 0"><span class='ocrx_word' id='word_1_55' title='bbox 84 967 294 1028; x_wconf 79' lang='lat' dir='ltr'>deterrendum</span> <span class='ocrx_word' id='word_1_56' title='bbox 312 967 428 1027; x_wconf 88' lang='lat' dir='ltr'>idonea.</span> <span class='ocrx_word' id='word_1_57' title='bbox 760 963 764 990; x_wconf 83' lang='lat'><em>¹</em></span> 
     </span>
    </p>

    <p class='ocr_par' dir='ltr' id='par_1_3' title="bbox 82 1043 779 2232">
     <span class='ocr_line' id='line_1_11' title="bbox 127 1043 774 1128; baseline 0.003 -23"><span class='ocrx_word' id='word_1_58' title='bbox 127 1065 158 1126; x_wconf 90' lang='lat'>9.</span> <span class='ocrx_word' id='word_1_59' title='bbox 167 1045 213 1124; x_wconf 80' lang='lat' dir='ltr'>Q.</span> <span class='ocrx_word' id='word_1_60' title='bbox 228 1047 392 1128; x_wconf 79' lang='lat' dir='ltr'>Aliquoties</span> <span class='ocrx_word' id='word_1_61' title='bbox 404 1044 463 1124; x_wconf 79' lang='lat' dir='ltr'>jam</span> <span class='ocrx_word' id='word_1_62' title='bbox 477 1043 526 1106; x_wconf 89' lang='lat' dir='ltr'>iste</span> <span class='ocrx_word' id='word_1_63' title='bbox 542 1043 623 1106; x_wconf 89' lang='lat' dir='ltr'>locus</span> <span class='ocrx_word' id='word_1_64' title='bbox 637 1069 653 1106; x_wconf 88' lang='lat' dir='ltr'>a</span> <span class='ocrx_word' id='word_1_65' title='bbox 667 1064 697 1107; x_wconf 89' lang='lat' dir='ltr'>te</span> <span class='ocrx_word' id='word_1_66' title='bbox 711 1045 774 1107; x_wconf 48' lang='lat' dir='ltr'>tac}</span> 
     </span>
     <span class='ocr_line' id='line_1_12' title="bbox 84 1125 771 1210; baseline 0.001 -22"><span class='ocrx_word' id='word_1_67' title='bbox 84 1143 133 1188; x_wconf 82' lang='lat' dir='ltr'>tus</span> <span class='ocrx_word' id='word_1_68' title='bbox 143 1125 202 1186; x_wconf 88' lang='lat' dir='ltr'>est:</span> <span class='ocrx_word' id='word_1_69' title='bbox 214 1125 262 1186; x_wconf 91' lang='lat' dir='ltr'>sed</span> <span class='ocrx_word' id='word_1_70' title='bbox 275 1129 358 1200; x_wconf 75' lang='lat' dir='ltr'>ante,</span> <span class='ocrx_word' id='word_1_71' title='bbox 373 1126 459 1208; x_wconf 68' lang='lat' dir='ltr'>qu‘am</span> <span class='ocrx_word' id='word_1_72' title='bbox 476 1127 512 1185; x_wconf 86' lang='lat' dir='ltr'>ad</span> <span class='ocrx_word' id='word_1_73' title='bbox 525 1128 679 1206; x_wconf 86' lang='lat' dir='ltr'>populares</span> <span class='ocrx_word' id='word_1_74' title='bbox 692 1129 771 1210; x_wconf 85' lang='lat' dir='ltr'>leges</span> 
     </span>
     <span class='ocr_line' id='line_1_13' title="bbox 85 1203 773 1288; baseline 0 -20"><span class='ocrx_word' id='word_1_75' title='bbox 85 1210 282 1280; x_wconf 70' lang='lat' dir='ltr'>uenias‚vim</span> <span class='ocrx_word' id='word_1_76' title='bbox 302 1205 379 1266; x_wconf 88' lang='lat' dir='ltr'>istius</span> <span class='ocrx_word' id='word_1_77' title='bbox 396 1203 518 1266; x_wconf 84' lang='lat' dir='ltr'>coelestis</span> <span class='ocrx_word' id='word_1_78' title='bbox 537 1207 607 1288; x_wconf 85' lang='lat' dir='ltr'>legis</span> <span class='ocrx_word' id='word_1_79' title='bbox 630 1207 773 1288; x_wconf 85' lang='lat' dir='ltr'>explana&#39;,</span> 
     </span>
     <span class='ocr_line' id='line_1_14' title="bbox 84 1283 772 1368; baseline 0 -20"><span class='ocrx_word' id='word_1_80' title='bbox 84 1291 111 1348; x_wconf 88' lang='lat' dir='ltr'>si</span> <span class='ocrx_word' id='word_1_81' title='bbox 132 1288 250 1368; x_wconf 87' lang='lat' dir='ltr'>placet;</span> <span class='ocrx_word' id='word_1_82' title='bbox 270 1307 307 1347; x_wconf 88' lang='lat' dir='ltr'>ne</span> <span class='ocrx_word' id='word_1_83' title='bbox 325 1285 404 1346; x_wconf 81' lang='lat' dir='ltr'>aeslus</span> <span class='ocrx_word' id='word_1_84' title='bbox 420 1309 474 1347; x_wconf 87' lang='lat' dir='ltr'>nos</span> <span class='ocrx_word' id='word_1_85' title='bbox 486 1283 696 1348; x_wconf 78' lang='lat' dir='ltr'>consuetudinis</span> <span class='ocrx_word' id='word_1_86' title='bbox 716 1285 772 1348; x_wconf 61' lang='lat' dir='ltr'>abss</span> 
     </span>
     <span class='ocr_line' id='line_1_15' title="bbox 82 1367 773 1440; baseline 0.003 -12"><span class='ocrx_word' id='word_1_87' title='bbox 82 1367 221 1440; x_wconf 86' lang='lat' dir='ltr'>sorbeat,</span> <span class='ocrx_word' id='word_1_88' title='bbox 232 1367 309 1427; x_wconf 89' lang='lat' dir='ltr'>&amp;ad</span> <span class='ocrx_word' id='word_1_89' title='bbox 326 1367 464 1428; x_wconf 88' lang='lat' dir='ltr'>sermonis</span> <span class='ocrx_word' id='word_1_90' title='bbox 482 1388 593 1428; x_wconf 90' lang='lat' dir='ltr'>morem</span> <span class='ocrx_word' id='word_1_91' title='bbox 607 1371 701 1430; x_wconf 88' lang='lat' dir='ltr'>usitati</span> <span class='ocrx_word' id='word_1_92' title='bbox 712 1387 773 1430; x_wconf 84' lang='lat' dir='ltr'>tra-</span> 
     </span>
     <span class='ocr_line' id='line_1_16' title="bbox 82 1446 774 1528; baseline 0.001 -20"><span class='ocrx_word' id='word_1_93' title='bbox 82 1448 149 1522; x_wconf 82' lang='lat' dir='ltr'>hat.</span> <span class='ocrx_word' id='word_1_94' title='bbox 165 1447 213 1506; x_wconf 88' lang='lat' dir='ltr'>M.</span> <span class='ocrx_word' id='word_1_95' title='bbox 230 1446 259 1506; x_wconf 80' lang='lat' dir='ltr'>A</span> <span class='ocrx_word' id='word_1_96' title='bbox 282 1449 377 1528; x_wconf 88' lang='lat' dir='ltr'>parvis</span> <span class='ocrx_word' id='word_1_97' title='bbox 395 1451 493 1522; x_wconf 88' lang='lat' dir='ltr'>enim,</span> <span class='ocrx_word' id='word_1_98' title='bbox 515 1447 650 1525; x_wconf 85' lang='lat' dir='ltr'>Quinte,</span> <span class='ocrx_word' id='word_1_99' title='bbox 670 1450 774 1527; x_wconf 80' lang='lat' dir='ltr'>didici-</span> 
     </span>
     <span class='ocr_line' id='line_1_17' title="bbox 83 1525 775 1608; baseline 0 -20"><span class='ocrx_word' id='word_1_100' title='bbox 83 1549 176 1603; x_wconf 88' lang='lat' dir='ltr'>mus,</span> <span class='ocrx_word' id='word_1_101' title='bbox 198 1525 232 1586; x_wconf 86' lang='lat' dir='ltr'>St</span> <span class='ocrx_word' id='word_1_102' title='bbox 250 1544 283 1586; x_wconf 79' lang='lat' dir='ltr'>iu</span> <span class='ocrx_word' id='word_1_103' title='bbox 301 1547 355 1588; x_wconf 77' lang='lat' dir='ltr'>sus</span> <span class='ocrx_word' id='word_1_104' title='bbox 371 1546 508 1599; x_wconf 62' lang='lat' dir='ltr'>vocis,</span> <span class='ocrx_word' id='word_1_105' title='bbox 527 1546 611 1608; x_wconf 89' lang='lat' dir='ltr'>atque</span> <span class='ocrx_word' id='word_1_106' title='bbox 632 1527 775 1606; x_wconf 83' lang='lat' dir='ltr'>ejusmodi</span> 
     </span>
     <span class='ocr_line' id='line_1_18' title="bbox 82 1607 775 1692; baseline -0.001 -22"><span class='ocrx_word' id='word_1_107' title='bbox 82 1610 183 1680; x_wconf 77' lang='lat' dir='ltr'>alias,</span> <span class='ocrx_word' id='word_1_108' title='bbox 201 1607 280 1688; x_wconf 84' lang='lat' dir='ltr'>leges</span> <span class='ocrx_word' id='word_1_109' title='bbox 301 1609 473 1668; x_wconf 85' lang='lat' dir='ltr'>nominare:</span> <span class='ocrx_word' id='word_1_110' title='bbox 494 1607 543 1667; x_wconf 89' lang='lat' dir='ltr'>sed</span> <span class='ocrx_word' id='word_1_111' title='bbox 561 1610 633 1668; x_wconf 79' lang='lat' dir='ltr'>verb</span> <span class='ocrx_word' id='word_1_112' title='bbox 654 1609 775 1692; x_wconf 83' lang='lat' dir='ltr'>intelligi</span> 
     </span>
     <span class='ocr_line' id='line_1_19' title="bbox 85 1685 775 1767; baseline -0.003 -17"><span class='ocrx_word' id='word_1_113' title='bbox 85 1693 130 1750; x_wconf 91' lang='lat' dir='ltr'>sic</span> <span class='ocrx_word' id='word_1_114' title='bbox 150 1705 291 1767; x_wconf 85' lang='lat' dir='ltr'>oportet,</span> <span class='ocrx_word' id='word_1_115' title='bbox 308 1688 338 1746; x_wconf 76' lang='grc' dir='ltr'>ὃ(</span> <span class='ocrx_word' id='word_1_116' title='bbox 349 1687 410 1746; x_wconf 81' lang='lat' dir='ltr'>haec</span> <span class='ocrx_word' id='word_1_117' title='bbox 420 1733 428 1760; x_wconf 88' lang='lat'>,</span> <span class='ocrx_word' id='word_1_118' title='bbox 440 1689 470 1746; x_wconf 90' lang='lat'>&amp;</span> <span class='ocrx_word' id='word_1_119' title='bbox 485 1687 538 1747; x_wconf 83' lang='lat' dir='ltr'>alia</span> <span class='ocrx_word' id='word_1_120' title='bbox 557 1685 625 1765; x_wconf 79' lang='lat' dir='ltr'>julla</span> <span class='ocrx_word' id='word_1_121' title='bbox 640 1710 672 1748; x_wconf 88' lang='lat' dir='ltr'>ac</span> <span class='ocrx_word' id='word_1_122' title='bbox 684 1692 775 1750; x_wconf 84' lang='lat' dir='ltr'>vetita</span> 
     </span>
     <span class='ocr_line' id='line_1_20' title="bbox 85 1767 776 1850; baseline 0 -21"><span class='ocrx_word' id='word_1_123' title='bbox 85 1769 290 1850; x_wconf 86' lang='lat' dir='ltr'>populorum,</span> <span class='ocrx_word' id='word_1_124' title='bbox 304 1770 365 1828; x_wconf 86' lang='lat' dir='ltr'>vim</span> <span class='ocrx_word' id='word_1_125' title='bbox 378 1789 438 1828; x_wconf 92' lang='lat' dir='ltr'>non</span> <span class='ocrx_word' id='word_1_126' title='bbox 455 1767 560 1828; x_wconf 83' lang='lat' dir='ltr'>habere</span> <span class='ocrx_word' id='word_1_127' title='bbox 579 1769 615 1828; x_wconf 86' lang='lat' dir='ltr'>ad</span> <span class='ocrx_word' id='word_1_128' title='bbox 628 1769 702 1828; x_wconf 70' lang='lat' dir='ltr'>telle</span> <span class='ocrx_word' id='word_1_129' title='bbox 717 1769 776 1829; x_wconf 85' lang='lat' dir='ltr'>sac·</span> 
     </span>
     <span class='ocr_line' id='line_1_21' title="bbox 85 1848 773 1929; baseline -0.003 -20"><span class='ocrx_word' id='word_1_130' title='bbox 85 1867 118 1910; x_wconf 84' lang='lat' dir='ltr'>ta</span> <span class='ocrx_word' id='word_1_131' title='bbox 140 1848 287 1920; x_wconf 88' lang='lat' dir='ltr'>vocandi,</span> <span class='ocrx_word' id='word_1_132' title='bbox 302 1848 333 1906; x_wconf 73' lang='grc' dir='ltr'>ὃ(</span> <span class='ocrx_word' id='word_1_133' title='bbox 348 1871 365 1907; x_wconf 86' lang='lat' dir='ltr'>a</span> <span class='ocrx_word' id='word_1_134' title='bbox 384 1851 508 1926; x_wconf 87' lang='lat' dir='ltr'>peccatis</span> <span class='ocrx_word' id='word_1_135' title='bbox 526 1849 685 1908; x_wconf 81' lang='lat' dir='ltr'>avocandi:</span> <span class='ocrx_word' id='word_1_136' title='bbox 708 1871 773 1929; x_wconf 84' lang='lat' dir='ltr'>quae</span> 
     </span>
     <span class='ocr_line' id='line_1_22' title="bbox 86 1927 774 2011; baseline -0.004 -20"><span class='ocrx_word' id='word_1_137' title='bbox 86 1933 136 1991; x_wconf 87' lang='lat' dir='ltr'>vis</span> <span class='ocrx_word' id='word_1_138' title='bbox 166 1949 227 1988; x_wconf 90' lang='lat' dir='ltr'>non</span> <span class='ocrx_word' id='word_1_139' title='bbox 255 1929 346 1988; x_wconf 80' lang='lat' dir='ltr'>modi&gt;</span> <span class='ocrx_word' id='word_1_140' title='bbox 373 1927 467 1988; x_wconf 88' lang='lat' dir='ltr'>senior</span> <span class='ocrx_word' id='word_1_141' title='bbox 494 1927 565 2000; x_wconf 87' lang='lat' dir='ltr'>est,</span> <span class='ocrx_word' id='word_1_142' title='bbox 595 1929 682 2011; x_wconf 75' lang='lat' dir='ltr'>quim</span> <span class='ocrx_word' id='word_1_143' title='bbox 708 1927 774 1989; x_wconf 83' lang='lat' dir='ltr'>aetas</span> 
     </span>
     <span class='ocr_line' id='line_1_23' title="bbox 87 2009 778 2090; baseline -0.004 -20"><span class='ocrx_word' id='word_1_144' title='bbox 87 2009 274 2090; x_wconf 87' lang='lat' dir='ltr'>populorum</span> <span class='ocrx_word' id='word_1_145' title='bbox 296 2009 326 2067; x_wconf 89' lang='lat'>&amp;</span> <span class='ocrx_word' id='word_1_146' title='bbox 347 2011 513 2084; x_wconf 85' lang='lat' dir='ltr'>civitatum,</span> <span class='ocrx_word' id='word_1_147' title='bbox 531 2009 587 2068; x_wconf 51' lang='lat' dir='ltr'>sed¹</span> <span class='ocrx_word' id='word_1_148' title='bbox 600 2032 623 2066; x_wconf 86' lang='lat' dir='ltr'>ae</span> <span class='ocrx_word' id='word_1_149' title='bbox 646 2009 715 2068; x_wconf 83' lang='lat' dir='ltr'>ualis</span> <span class='ocrx_word' id='word_1_150' title='bbox 738 2010 778 2068; x_wconf 88' lang='lat' dir='ltr'>il·</span> 
     </span>
     <span class='ocr_line' id='line_1_24' title="bbox 86 2031 779 2170; baseline -0.007 -19"><span class='ocrx_word' id='word_1_151' title='bbox 86 2093 147 2151; x_wconf 90' lang='lat' dir='ltr'>lius</span> <span class='ocrx_word' id='word_1_152' title='bbox 161 2133 170 2160; x_wconf 88' lang='lat'><em>‚</em></span> <span class='ocrx_word' id='word_1_153' title='bbox 185 2089 295 2148; x_wconf 82' lang='lat' dir='ltr'>coelum</span> <span class='ocrx_word' id='word_1_154' title='bbox 311 2090 495 2170; x_wconf 75' lang='lat' dir='ltr'>atque&#39;tetras</span> <span class='ocrx_word' id='word_1_155' title='bbox 510 2031 661 2148; x_wconf 65' lang='lat' dir='ltr'>tuentisdc</span> <span class='ocrx_word' id='word_1_156' title='bbox 674 2098 779 2168; x_wconf 85' lang='lat' dir='ltr'>regen-</span> 
     </span>
     <span class='ocr_line' id='line_1_25' title="bbox 87 2168 305 2232; baseline -0.023 0"><span class='ocrx_word' id='word_1_157' title='bbox 87 2174 127 2232; x_wconf 86' lang='lat' dir='ltr'>tis</span> <span class='ocrx_word' id='word_1_158' title='bbox 153 2168 213 2229; x_wconf 89' lang='lat' dir='ltr'>dei.</span> <span class='ocrx_word' id='word_1_159' title='bbox 301 2193 305 2202; x_wconf 66' lang='lat'>¹</span> 
     </span>
    </p>

    <p class='ocr_par' dir='ltr' id='par_1_4' title="bbox 88 2246 782 2809">
     <span class='ocr_line' id='line_1_26' title="bbox 139 2246 778 2328; baseline 0 -20"><span class='ocrx_word' id='word_1_160' title='bbox 139 2267 188 2308; x_wconf 85' lang='grc' dir='ltr'>ιο.</span> <span class='ocrx_word' id='word_1_161' title='bbox 208 2246 312 2328; x_wconf 85' lang='lat' dir='ltr'>Neque</span> <span class='ocrx_word' id='word_1_162' title='bbox 329 2252 410 2309; x_wconf 91' lang='lat' dir='ltr'>enim</span> <span class='ocrx_word' id='word_1_163' title='bbox 425 2247 482 2309; x_wconf 89' lang='lat' dir='ltr'>esle</span> <span class='ocrx_word' id='word_1_164' title='bbox 503 2267 584 2308; x_wconf 91' lang='lat' dir='ltr'>mens</span> <span class='ocrx_word' id='word_1_165' title='bbox 605 2248 702 2308; x_wconf 88' lang='lat' dir='ltr'>divina</span> <span class='ocrx_word' id='word_1_166' title='bbox 715 2249 778 2308; x_wconf 89' lang='lat' dir='ltr'>sine</span> 
     </span>
     <span class='ocr_line' id='line_1_27' title="bbox 88 2325 779 2409; baseline -0.003 -19"><span class='ocrx_word' id='word_1_167' title='bbox 88 2331 209 2390; x_wconf 81' lang='lat' dir='ltr'>ratione</span> <span class='ocrx_word' id='word_1_168' title='bbox 228 2327 341 2409; x_wconf 86' lang='lat' dir='ltr'>potest,</span> <span class='ocrx_word' id='word_1_169' title='bbox 354 2350 409 2388; x_wconf 87' lang='lat' dir='ltr'>nec</span> <span class='ocrx_word' id='word_1_170' title='bbox 418 2329 498 2389; x_wconf 80' lang='lat' dir='ltr'>¹tutio</span> <span class='ocrx_word' id='word_1_171' title='bbox 511 2329 608 2390; x_wconf 87' lang='lat' dir='ltr'>divina</span> <span class='ocrx_word' id='word_1_172' title='bbox 625 2350 685 2387; x_wconf 92' lang='lat' dir='ltr'>non</span> <span class='ocrx_word' id='word_1_173' title='bbox 705 2325 779 2388; x_wconf 74' lang='lat' dir='ltr'>han⁵c</span> 
     </span>
     <span class='ocr_line' id='line_1_28' title="bbox 89 2407 778 2490; baseline -0.006 -18"><span class='ocrx_word' id='word_1_174' title='bbox 89 2414 158 2472; x_wconf 86' lang='lat' dir='ltr'>vim</span> <span class='ocrx_word' id='word_1_175' title='bbox 176 2412 207 2469; x_wconf 92' lang='lat' dir='ltr'>in</span> <span class='ocrx_word' id='word_1_176' title='bbox 224 2407 306 2469; x_wconf 77' lang='lat' dir='ltr'>tediis</span> <span class='ocrx_word' id='word_1_177' title='bbox 342 2409 469 2490; x_wconf 77' lang='lat' dir='ltr'>cavisque</span> <span class='ocrx_word' id='word_1_178' title='bbox 484 2408 640 2468; x_wconf 87' lang='lat' dir='ltr'>sanciendis</span> <span class='ocrx_word' id='word_1_179' title='bbox 657 2407 778 2469; x_wconf 87' lang='lat' dir='ltr'>habere:</span> 
     </span>
     <span class='ocr_line' id='line_1_29' title="bbox 91 2431 781 2570; baseline -0.004 -19"><span class='ocrx_word' id='word_1_180' title='bbox 91 2511 174 2564; x_wconf 87' lang='lat' dir='ltr'>nec,</span> <span class='ocrx_word' id='word_1_181' title='bbox 193 2492 259 2570; x_wconf 87' lang='lat' dir='ltr'>quia</span> <span class='ocrx_word' id='word_1_182' title='bbox 273 2431 409 2549; x_wconf 72' lang='lat' dir='ltr'>nusuam</span> <span class='ocrx_word' id='word_1_183' title='bbox 422 2493 482 2550; x_wconf 82' lang='lat' dir='ltr'>erat</span> <span class='ocrx_word' id='word_1_184' title='bbox 499 2488 631 2569; x_wconf 90' lang='lat' dir='ltr'>scriptum</span> <span class='ocrx_word' id='word_1_185' title='bbox 642 2533 651 2562; x_wconf 90' lang='lat'>,</span> <span class='ocrx_word' id='word_1_186' title='bbox 662 2505 694 2548; x_wconf 93' lang='lat' dir='ltr'>ut</span> <span class='ocrx_word' id='word_1_187' title='bbox 707 2485 781 2549; x_wconf 77' lang='lat' dir='ltr'>con-</span> 
     </span>
     <span class='ocr_line' id='line_1_30' title="bbox 91 2511 779 2651; baseline -0.003 -20"><span class='ocrx_word' id='word_1_188' title='bbox 91 2589 141 2631; x_wconf 82' lang='lat' dir='ltr'>tra</span> <span class='ocrx_word' id='word_1_189' title='bbox 163 2589 266 2630; x_wconf 89' lang='lat' dir='ltr'>omnes</span> <span class='ocrx_word' id='word_1_190' title='bbox 285 2511 408 2630; x_wconf 65' lang='lat' dir='ltr'>hodium</span> <span class='ocrx_word' id='word_1_191' title='bbox 429 2573 527 2651; x_wconf 88' lang='lat' dir='ltr'>copias</span> <span class='ocrx_word' id='word_1_192' title='bbox 545 2573 575 2628; x_wconf 91' lang='lat' dir='ltr'>in</span> <span class='ocrx_word' id='word_1_193' title='bbox 595 2587 684 2651; x_wconf 86' lang='lat' dir='ltr'>ponte</span> <span class='ocrx_word' id='word_1_194' title='bbox 706 2591 779 2630; x_wconf 86' lang='lat' dir='ltr'>unus</span> 
     </span>
     <span class='ocr_line' id='line_1_31' title="bbox 94 2647 781 2732; baseline -0.004 -22"><span class='ocrx_word' id='word_1_195' title='bbox 94 2647 260 2726; x_wconf 79' lang='lat' dir='ltr'>assisteret,</span> <span class='ocrx_word' id='word_1_196' title='bbox 281 2673 298 2709; x_wconf 88' lang='lat' dir='ltr'>a</span> <span class='ocrx_word' id='word_1_197' title='bbox 317 2667 457 2732; x_wconf 81' lang='lat' dir='ltr'>tergoque</span> <span class='ocrx_word' id='word_1_198' title='bbox 473 2667 600 2731; x_wconf 19' lang='lat' dir='ltr'>*pontem</span> <span class='ocrx_word' id='word_1_199' title='bbox 617 2647 781 2710; x_wconf 85' lang='lat' dir='ltr'>interscindi</span> 
     </span>
     <span class='ocr_line' id='line_1_32' title="bbox 96 2728 782 2809; baseline -0.003 -15"><span class='ocrx_word' id='word_1_200' title='bbox 96 2729 245 2809; x_wconf 78' lang='lat' dir='ltr'>juberet,</span> <span class='ocrx_word' id='word_1_201' title='bbox 270 2730 379 2793; x_wconf 82' lang='lat' dir='ltr'>ideirco</span> <span class='ocrx_word' id='word_1_202' title='bbox 408 2733 502 2793; x_wconf 76' lang='lat' dir='ltr'>minus</span> <span class='ocrx_word' id='word_1_203' title='bbox 527 2728 674 2794; x_wconf 86' lang='lat' dir='ltr'>Coclitem</span> <span class='ocrx_word' id='word_1_204' title='bbox 699 2730 782 2792; x_wconf 83' lang='lat' dir='ltr'>illum</span> 
     </span>
    </p>
   </div>
   <div class='ocr_carea' id='block_1_2' title="bbox 0 0 998 3614">
    <p class='ocr_par' dir='ltr' id='par_1_5' title="bbox 0 0 998 3614">
     <span class='ocr_line' id='line_1_33' title="bbox 0 0 998 3614; baseline 0 0"><span class='ocrx_word' id='word_1_205' title='bbox 0 0 998 3614; x_wconf 95' lang='lat' dir='ltr'> </span> 
     </span>
    </p>
   </div>
  </div>
 </body>
</html>
