1956 3614
188 306 238 378 '18
336 306 411 374 Dr
446 315 708 393 tuoruum

185 421 222 502 ge
246 415 314 497 juris
334 421 473 499 principia
493 421 617 500 repetis!
643 438 728 502 atque
754 421 813 494 ita,
833 431 872 480 nt¹

184 517 244 580 ego
266 519 326 558 non
347 500 438 560 modo
467 499 503 558 ad
525 501 572 560 illa
595 523 656 561 non
682 521 868 582 properem,

187 599 251 718 puae
271 579 498 660 exspediabama
517 597 546 640 te
569 580 605 641 de
617 579 678 660 jure
699 582 796 653 civili,
818 580 870 640 sed

200 659 270 718 utile
282 663 371 739 patiar
384 678 412 720 te
425 660 500 720 hunc
514 660 591 721 diem
600 662 649 722 vel
660 678 754 721 totum
764 664 795 720 in
815 659 870 721 isto

186 738 318 800 sermone
339 740 505 802 consumere
517 763 523 800 :
535 741 597 802 sunt
608 745 685 802 enim
694 743 756 800 haee
770 739 870 818 majo-

166 841 167 848 *
186 841 218 879 ra
229 866 239 892 ,
255 842 319 902 quae
332 823 452 882 aliorum
465 823 547 882 causi
560 821 672 883 fortalle
694 821 872 902 compleiie-

187 901 247 975 tis,
273 902 360 983 quim
379 901 439 982 ipsa
459 903 529 975 illa,
555 923 678 983 quorum
699 903 760 962 haec
785 903 872 962 causi

189 1001 390 1062 praeparantur.
406 983 449 1042 Μ.
460 981 532 1042 Sunt
548 983 607 1042 haec
621 983 739 1064 quidem
754 1003 873 1064 magna,

188 1081 253 1142 quae
274 1083 350 1124 nunc
370 1063 496 1124 breviter
511 1067 704 1144 attinguntur:
729 1062 778 1122 sed
800 1084 874 1122 om·-

188 1145 290 1214 nium,
304 1165 368 1222 quae
388 1145 418 1201 in
431 1142 582 1202 hominum
603 1141 754 1204 doilorum
771 1142 873 1222 dispu-

189 1226 297 1282 tatione
306 1219 452 1282 versantur
464 1266 473 1295 ‚
484 1223 554 1282 nihil
567 1221 607 1282 est
618 1223 748 1304 profeilo
761 1221 876 1302 praesta-

189 1301 273 1362 bilius
285 1347 294 1376 ,
301 1322 397 1440 ¹puam
419 1302 502 1382 plane
524 1303 645 1385 intelligi
661 1325 715 1363 nos
733 1303 769 1362 ad
794 1300 874 1380 justi-

189 1384 259 1444 tiam
283 1402 299 1442 e
322 1399 453 1455 enatos,
467 1403 503 1442 ne
526 1404 561 1443 ue
577 1387 736 1464 opinione,
750 1382 799 1442 sed
820 1405 877 1452 na-‚

190 1462 254 1524 tuti
268 1461 452 1523 constitutum
476 1483 492 1523 e
515 1461 597 1542 ejus.
617 1463 651 1522 Id
665 1461 724 1542 jam
744 1463 876 1544 patebit,

191 1545 215 1604 si
227 1542 377 1603 hominum
387 1547 461 1604 inter
472 1543 547 1622 ipsos
558 1544 724 1604 societatem
735 1541 877 1624 conjunc-

191 1625 359 1704 tionemque
378 1623 563 1706 perspexeris.

234 1723 283 1782 29.
307 1703 386 1763 Nihil
398 1702 438 1764 est
455 1707 533 1764 enim
544 1725 633 1764 unum
647 1706 697 1764 uni
713 1721 772 1764 tam
793 1703 878 1763 simi-

161 1847 165 1859 ,
192 1782 221 1862 le
232 1827 241 1856 ‚
255 1799 314 1843 tam
326 1805 396 1864 par,
411 1784 497 1865 quim
509 1805 611 1844 omnes
626 1787 700 1844 inter
711 1781 875 1864 nosmetip-

194 1861 239 1923 sos
261 1863 364 1928 sumus.
387 1864 480 1942 Qudd
499 1867 524 1923 si
540 1864 707 1944 depravatio
719 1863 878 1924 consuetu-

194 1943 316 2018 ditium,
337 1948 361 2004 si
373 1947 543 2024 opinionum
561 1947 683 2005 varietas
694 1965 754 2005 non
779 1944 879 2004 imbe-·

194 2024 341 2086 sillitatem
359 2028 521 2086 animorum
531 2040 695 2105 torqueret,
706 2025 738 2084 ὅ(
751 2021 880 2086 neuster

196 2125 323 2186 quocum
364 2126 380 2166 e
402 2101 548 2185 coepillet3
568 2105 609 2164 sui
625 2126 713 2166 nemo
734 2104 793 2185 ipse
818 2121 880 2164 tam

196 2188 296 2247 similis
311 2207 326 2248 e
350 2204 398 2259 et,
421 2186 508 2270 quim
525 2203 627 2248 omnes
641 2185 704 2246 sunt
726 2186 879 2248 omniuntt

196 2269 292 2346 itaque
317 2285 504 2347 quaecumque
522 2265 562 2327 est
580 2266 704 2330 hominis
727 2263 881 2340 delinitio,

197 2367 254 2407 una
273 2348 303 2405 in
317 2365 419 2406 omnes
436 2347 522 2408 valet.
609 2421 611 2424 Ι

243 2443 289 2503 30.
311 2426 403 2506 Quod
422 2429 581 2510 argumenti
605 2426 668 2486 satis
686 2425 748 2499 est,
770 2426 879 2489 nullam

200 2505 460 2567 dissimilitudinem
472 2505 526 2568 elle
541 2511 571 2570 in
584 2525 709 2590 genere:
724 2529 787 2588 quae
799 2511 823 2566 si
834 2529 881 2568 es·

199 2584 263 2658 set,
287 2607 347 2646 non
364 2609 420 2648 una
441 2609 543 2648 omnes
556 2585 687 2650 delinitio
712 2591 884 2660 contineret.

200 2663 316 2726 Etenim
333 2670 404 2734 ratio
417 2713 427 2741 ,
440 2670 495 2749 qui
509 2671 565 2728 uni
577 2666 736 2748 prestamus
757 2669 858 2728 belluis
872 2713 884 2742 ,

202 2767 255 2828 per
275 2769 362 2828 quam
382 2747 543 2826 conjeiiuri
556 2749 704 2821 valemus,
724 2769 882 2830 argumen-

201 2845 294 2894 tamur
303 2873 315 2903 ,
334 2827 510 2905 refellimus,
525 2827 680 2890 differimus
692 2873 702 2904 ‚
714 2827 884 2894 conficimus
897 2849 899 2852 ·
