<?xml version="1.0" encoding="UTF-8"?>
<!DOCTYPE html PUBLIC "-//W3C//DTD XHTML 1.0 Transitional//EN"
    "http://www.w3.org/TR/xhtml1/DTD/xhtml1-transitional.dtd">
<html xmlns="http://www.w3.org/1999/xhtml" xml:lang="en" lang="en">
 <head>
  <title>
</title>
<meta http-equiv="Content-Type" content="text/html;charset=utf-8" />
  <meta name='ocr-system' content='tesseract 3.04.00' />
  <meta name='ocr-capabilities' content='ocr_page ocr_carea ocr_par ocr_line ocrx_word'/>
</head>
<body>
  <div class='ocr_page' id='page_1' title='image "./mtulliiciceroni11lallgoog/mtulliiciceroni11lallgoog_0099.png"; bbox 0 0 1928 3602; ppageno 0'>
   <div class='ocr_carea' id='block_1_1' title="bbox 167 211 720 330">
    <p class='ocr_par' dir='ltr' id='par_1_1' title="bbox 167 211 720 330">
     <span class='ocr_line' id='line_1_1' title="bbox 167 211 720 330; baseline 0.004 -32"><span class='ocrx_word' id='word_1_1' title='bbox 167 211 589 302; x_wconf 65' lang='lat' dir='ltr'>Lruurr&#39;rrr‘rrrrrm.</span> <span class='ocrx_word' id='word_1_2' title='bbox 632 321 635 330; x_wconf 18' lang='lat'>¹</span> <span class='ocrx_word' id='word_1_3' title='bbox 661 219 720 328; x_wconf 57' lang='lat' dir='ltr'>dg&lt;</span> 
     </span>
    </p>
   </div>
   <div class='ocr_carea' id='block_1_2' title="bbox 1 341 734 2012">
    <p class='ocr_par' dir='ltr' id='par_1_2' title="bbox 27 341 718 960">
     <span class='ocr_line' id='line_1_2' title="bbox 28 341 718 430; baseline 0.001 -26"><span class='ocrx_word' id='word_1_4' title='bbox 28 353 92 404; x_wconf 76' lang='lat' dir='ltr'>min</span> <span class='ocrx_word' id='word_1_5' title='bbox 107 343 203 402; x_wconf 75' lang='lat' dir='ltr'>modo</span> <span class='ocrx_word' id='word_1_6' title='bbox 214 343 272 402; x_wconf 81' lang='lat' dir='ltr'>ulla</span> <span class='ocrx_word' id='word_1_7' title='bbox 285 345 315 401; x_wconf 86' lang='lat' dir='ltr'>in</span> <span class='ocrx_word' id='word_1_8' title='bbox 330 343 438 414; x_wconf 76' lang='lat' dir='ltr'>domo,</span> <span class='ocrx_word' id='word_1_9' title='bbox 447 343 498 406; x_wconf 89' lang='lat' dir='ltr'>sed</span> <span class='ocrx_word' id='word_1_10' title='bbox 511 345 589 405; x_wconf 86' lang='lat' dir='ltr'>nulla</span> <span class='ocrx_word' id='word_1_11' title='bbox 598 341 635 405; x_wconf 80' lang='lat' dir='ltr'>&#39;in</span> <span class='ocrx_word' id='word_1_12' title='bbox 644 357 718 430; x_wconf 71' lang='lat' dir='ltr'>gem</span> 
     </span>
     <span class='ocr_line' id='line_1_3' title="bbox 27 423 715 502; baseline 0.003 -18"><span class='ocrx_word' id='word_1_13' title='bbox 27 438 59 484; x_wconf 81' lang='lat' dir='ltr'>t&#39;e</span> <span class='ocrx_word' id='word_1_14' title='bbox 76 423 266 502; x_wconf 85' lang='lat' dir='ltr'>reperirem,</span> <span class='ocrx_word' id='word_1_15' title='bbox 302 437 383 483; x_wconf 82' lang='lat' dir='ltr'>entes</span> <span class='ocrx_word' id='word_1_16' title='bbox 401 425 454 483; x_wconf 80' lang='lat' dir='ltr'>sibi</span> <span class='ocrx_word' id='word_1_17' title='bbox 470 426 500 484; x_wconf 87' lang='lat' dir='ltr'>in</span> <span class='ocrx_word' id='word_1_18' title='bbox 516 427 641 486; x_wconf 82' lang='lat' dir='ltr'>tenebris</span> <span class='ocrx_word' id='word_1_19' title='bbox 658 429 715 486; x_wconf 87' lang='lat' dir='ltr'>rei-</span> 
     </span>
     <span class='ocr_line' id='line_1_4' title="bbox 28 503 715 584; baseline 0.006 -22"><span class='ocrx_word' id='word_1_20' title='bbox 28 504 159 583; x_wconf 83' lang='lat' dir='ltr'>publicae</span> <span class='ocrx_word' id='word_1_21' title='bbox 185 519 269 582; x_wconf 85' lang='lat' dir='ltr'>pertu</span> <span class='ocrx_word' id='word_1_22' title='bbox 305 503 392 572; x_wconf 73' lang='lat' dir='ltr'>aridas</span> <span class='ocrx_word' id='word_1_23' title='bbox 412 520 594 584; x_wconf 83' lang='lat' dir='ltr'>putaverunt.</span> <span class='ocrx_word' id='word_1_24' title='bbox 620 504 715 583; x_wconf 88' lang='lat' dir='ltr'>Quod</span> 
     </span>
     <span class='ocr_line' id='line_1_5' title="bbox 30 581 715 664; baseline 0.007 -24"><span class='ocrx_word' id='word_1_25' title='bbox 30 582 120 640; x_wconf 85' lang='lat' dir='ltr'>nobis</span> <span class='ocrx_word' id='word_1_26' title='bbox 137 581 258 661; x_wconf 89' lang='lat' dir='ltr'>quidem</span> <span class='ocrx_word' id='word_1_27' title='bbox 273 601 340 664; x_wconf 83' lang='lat' dir='ltr'>egre</span> <span class='ocrx_word' id='word_1_28' title='bbox 361 585 441 652; x_wconf 87' lang='lat' dir='ltr'>ium,</span> <span class='ocrx_word' id='word_1_29' title='bbox 461 584 493 642; x_wconf 89' lang='lat'>&amp;</span> <span class='ocrx_word' id='word_1_30' title='bbox 509 584 546 642; x_wconf 88' lang='lat' dir='ltr'>ad</span> <span class='ocrx_word' id='word_1_31' title='bbox 561 584 715 645; x_wconf 82' lang='lat' dir='ltr'>immorta-</span> 
     </span>
     <span class='ocr_line' id='line_1_6' title="bbox 29 603 715 742; baseline 0.004 -22"><span class='ocrx_word' id='word_1_32' title='bbox 29 661 146 720; x_wconf 80' lang='lat' dir='ltr'>litatem</span> <span class='ocrx_word' id='word_1_33' title='bbox 162 663 311 720; x_wconf 77' lang='lat' dir='ltr'>memoriae</span> <span class='ocrx_word' id='word_1_34' title='bbox 330 603 503 742; x_wconf 61' lang='lat' dir='ltr'>gdoriosum,</span> <span class='ocrx_word' id='word_1_35' title='bbox 520 666 665 724; x_wconf 88' lang='lat' dir='ltr'>neminem</span> <span class='ocrx_word' id='word_1_36' title='bbox 685 665 715 724; x_wconf 87' lang='lat' dir='ltr'>in</span> 
     </span>
     <span class='ocr_line' id='line_1_7' title="bbox 29 739 716 812; baseline 0.009 -14"><span class='ocrx_word' id='word_1_37' title='bbox 29 761 87 799; x_wconf 87' lang='lat' dir='ltr'>nos</span> <span class='ocrx_word' id='word_1_38' title='bbox 114 740 252 810; x_wconf 88' lang='lat' dir='ltr'>mercede</span> <span class='ocrx_word' id='word_1_39' title='bbox 274 740 332 812; x_wconf 71' lang='lat' dir='ltr'>uili</span> <span class='ocrx_word' id='word_1_40' title='bbox 354 739 499 806; x_wconf 84' lang='lat' dir='ltr'>tribunum</span> <span class='ocrx_word' id='word_1_41' title='bbox 542 741 642 803; x_wconf 83' lang='lat' dir='ltr'>omisie</span> <span class='ocrx_word' id='word_1_42' title='bbox 665 764 716 804; x_wconf 87' lang='lat' dir='ltr'>re-</span> 
     </span>
     <span class='ocr_line' id='line_1_8' title="bbox 29 819 718 960; baseline 0.015 -86"><span class='ocrx_word' id='word_1_43' title='bbox 29 819 718 960; x_wconf 48' lang='lat' dir='ltr'>fflmfflffimfflwmfflffl</span> 
     </span>
     <span class='ocr_line' id='line_1_9' title="bbox 89 917 640 957; baseline 0.002 -1"><span class='ocrx_word' id='word_1_44' title='bbox 89 917 164 957; x_wconf 87' lang='lat' dir='ltr'>nno.</span> <span class='ocrx_word' id='word_1_45' title='bbox 635 923 640 930; x_wconf 93' lang='lat'>·</span> 
     </span>
    </p>

    <p class='ocr_par' dir='ltr' id='par_1_3' title="bbox 1 976 734 1933">
     <span class='ocr_line' id='line_1_10' title="bbox 78 976 719 1062; baseline 0.005 -26"><span class='ocrx_word' id='word_1_46' title='bbox 78 997 129 1037; x_wconf 82' lang='lat'>22.</span> <span class='ocrx_word' id='word_1_47' title='bbox 146 977 205 1036; x_wconf 85' lang='lat' dir='ltr'>Sed</span> <span class='ocrx_word' id='word_1_48' title='bbox 220 976 268 1037; x_wconf 87' lang='lat' dir='ltr'>ille</span> <span class='ocrx_word' id='word_1_49' title='bbox 279 995 347 1056; x_wconf 83' lang='lat' dir='ltr'>quas</span> <span class='ocrx_word' id='word_1_50' title='bbox 358 976 462 1062; x_wconf 83' lang='lat' dir='ltr'>strages</span> <span class='ocrx_word' id='word_1_51' title='bbox 480 978 571 1038; x_wconf 88' lang='lat' dir='ltr'>edidit</span> <span class='ocrx_word' id='word_1_52' title='bbox 582 977 593 1038; x_wconf 80' lang='lat' dir='ltr'>i</span> <span class='ocrx_word' id='word_1_53' title='bbox 606 997 654 1038; x_wconf 80' lang='lat' dir='ltr'>eas</span> <span class='ocrx_word' id='word_1_54' title='bbox 672 981 719 1039; x_wconf 81' lang='lat' dir='ltr'>vi-</span> 
     </span>
     <span class='ocr_line' id='line_1_11' title="bbox 32 1057 717 1140; baseline -0.001 -23"><span class='ocrx_word' id='word_1_55' title='bbox 32 1057 145 1117; x_wconf 83' lang='lat' dir='ltr'>delicet</span> <span class='ocrx_word' id='word_1_56' title='bbox 156 1087 174 1128; x_wconf 92' lang='lat'>‚·</span> <span class='ocrx_word' id='word_1_57' title='bbox 183 1077 253 1136; x_wconf 87' lang='lat' dir='ltr'>quas</span> <span class='ocrx_word' id='word_1_58' title='bbox 270 1059 330 1117; x_wconf 89' lang='lat' dir='ltr'>sine</span> <span class='ocrx_word' id='word_1_59' title='bbox 341 1059 452 1118; x_wconf 86' lang='lat' dir='ltr'>ratione</span> <span class='ocrx_word' id='word_1_60' title='bbox 464 1101 473 1130; x_wconf 94' lang='lat'>,</span> <span class='ocrx_word' id='word_1_61' title='bbox 485 1079 518 1116; x_wconf 83' lang='lat' dir='ltr'>ac</span> <span class='ocrx_word' id='word_1_62' title='bbox 530 1061 589 1118; x_wconf 87' lang='lat' dir='ltr'>sine</span> <span class='ocrx_word' id='word_1_63' title='bbox 601 1057 657 1117; x_wconf 74' lang='lat' dir='ltr'>ulrrr</span> <span class='ocrx_word' id='word_1_64' title='bbox 667 1057 717 1140; x_wconf 91' lang='lat' dir='ltr'>spe</span> 
     </span>
     <span class='ocr_line' id='line_1_12' title="bbox 32 1135 716 1218; baseline -0.001 -22"><span class='ocrx_word' id='word_1_65' title='bbox 32 1137 117 1196; x_wconf 80' lang='lat' dir='ltr'>bona</span> <span class='ocrx_word' id='word_1_66' title='bbox 132 1135 215 1195; x_wconf 83' lang='lat' dir='ltr'>furor</span> <span class='ocrx_word' id='word_1_67' title='bbox 235 1136 321 1196; x_wconf 83' lang='lat' dir='ltr'>edere</span> <span class='ocrx_word' id='word_1_68' title='bbox 341 1141 436 1218; x_wconf 83' lang='lat' dir='ltr'>potuit</span> <span class='ocrx_word' id='word_1_69' title='bbox 450 1141 572 1217; x_wconf 66' lang='lat' dir='ltr'>&#39;impurae</span> <span class='ocrx_word' id='word_1_70' title='bbox 591 1139 716 1210; x_wconf 74' lang='lat' dir='ltr'>bellue,</span> 
     </span>
     <span class='ocr_line' id='line_1_13' title="bbox 33 1215 719 1296; baseline 0.001 -21"><span class='ocrx_word' id='word_1_71' title='bbox 33 1217 198 1275; x_wconf 82' lang='lat' dir='ltr'>multorum</span> <span class='ocrx_word' id='word_1_72' title='bbox 219 1215 408 1277; x_wconf 86' lang='lat' dir='ltr'>inflammatus</span> <span class='ocrx_word' id='word_1_73' title='bbox 428 1215 580 1277; x_wconf 83' lang='lat' dir='ltr'>furoribus.</span> <span class='ocrx_word' id='word_1_74' title='bbox 603 1215 719 1296; x_wconf 83' lang='lat' dir='ltr'>Quam-</span> 
     </span>
     <span class='ocr_line' id='line_1_14' title="bbox 32 1293 718 1374; baseline 0.001 -19"><span class='ocrx_word' id='word_1_75' title='bbox 32 1297 142 1356; x_wconf 84' lang='lat' dir='ltr'>obrem</span> <span class='ocrx_word' id='word_1_76' title='bbox 157 1296 189 1352; x_wconf 85' lang='lat' dir='ltr'>in</span> <span class='ocrx_word' id='word_1_77' title='bbox 204 1293 254 1353; x_wconf 89' lang='lat' dir='ltr'>ista</span> <span class='ocrx_word' id='word_1_78' title='bbox 270 1295 388 1374; x_wconf 88' lang='lat' dir='ltr'>quidem</span> <span class='ocrx_word' id='word_1_79' title='bbox 403 1317 434 1356; x_wconf 89' lang='lat' dir='ltr'>re</span> <span class='ocrx_word' id='word_1_80' title='bbox 445 1297 634 1368; x_wconf 67' lang='lat' dir='ltr'>vehementer</span> <span class='ocrx_word' id='word_1_81' title='bbox 652 1296 718 1356; x_wconf 86' lang='lat' dir='ltr'>sul-</span> 
     </span>
     <span class='ocr_line' id='line_1_15' title="bbox 33 1375 720 1458; baseline 0.003 -24"><span class='ocrx_word' id='word_1_82' title='bbox 33 1375 96 1434; x_wconf 79' lang='lat' dir='ltr'>lam</span> <span class='ocrx_word' id='word_1_83' title='bbox 113 1375 231 1455; x_wconf 90' lang='lat' dir='ltr'>probo,</span> <span class='ocrx_word' id='word_1_84' title='bbox 248 1377 297 1456; x_wconf 90' lang='lat' dir='ltr'>qui</span> <span class='ocrx_word' id='word_1_85' title='bbox 311 1376 430 1442; x_wconf 78' lang='lat' dir='ltr'>tribunis</span> <span class='ocrx_word' id='word_1_86' title='bbox 440 1376 530 1455; x_wconf 90' lang='lat' dir='ltr'>plebis</span> <span class='ocrx_word' id='word_1_87' title='bbox 541 1376 588 1435; x_wconf 75' lang='lat' dir='ltr'>sui</span> <span class='ocrx_word' id='word_1_88' title='bbox 597 1376 662 1458; x_wconf 85' lang='lat' dir='ltr'>lege</span> <span class='ocrx_word' id='word_1_89' title='bbox 673 1377 720 1436; x_wconf 85' lang='lat' dir='ltr'>in-</span> 
     </span>
     <span class='ocr_line' id='line_1_16' title="bbox 34 1452 734 1534; baseline 0.001 -20"><span class='ocrx_word' id='word_1_90' title='bbox 34 1452 119 1533; x_wconf 73' lang='lat' dir='ltr'>iuriae</span> <span class='ocrx_word' id='word_1_91' title='bbox 128 1454 269 1514; x_wconf 74' lang='lat' dir='ltr'>facienda</span> <span class='ocrx_word' id='word_1_92' title='bbox 286 1455 458 1534; x_wconf 74' lang='lat' dir='ltr'>potestatem</span> <span class='ocrx_word' id='word_1_93' title='bbox 469 1455 625 1528; x_wconf 84' lang='lat' dir='ltr'>ademerit,</span> <span class='ocrx_word' id='word_1_94' title='bbox 637 1457 734 1515; x_wconf 85' lang='lat' dir='ltr'>auxi·.</span> 
     </span>
     <span class='ocr_line' id='line_1_17' title="bbox 35 1533 720 1614; baseline -0.001 -21"><span class='ocrx_word' id='word_1_95' title='bbox 35 1535 64 1594; x_wconf 86' lang='lat' dir='ltr'>lii</span> <span class='ocrx_word' id='word_1_96' title='bbox 86 1533 203 1594; x_wconf 83' lang='lat' dir='ltr'>ferendi</span> <span class='ocrx_word' id='word_1_97' title='bbox 223 1533 383 1613; x_wconf 80' lang='lat' dir='ltr'>reliquerit:</span> <span class='ocrx_word' id='word_1_98' title='bbox 405 1535 629 1614; x_wconf 84' lang='lat' dir='ltr'>Pompeiumque</span> <span class='ocrx_word' id='word_1_99' title='bbox 647 1553 720 1592; x_wconf 88' lang='lat' dir='ltr'>nos-</span> 
     </span>
     <span class='ocr_line' id='line_1_18' title="bbox 1 1613 723 1692; baseline -0.003 -20"><span class='ocrx_word' id='word_1_100' title='bbox 1 1625 2 1654; x_wconf 75' lang='lat'>³</span> <span class='ocrx_word' id='word_1_101' title='bbox 35 1631 119 1674; x_wconf 85' lang='lat' dir='ltr'>trum</span> <span class='ocrx_word' id='word_1_102' title='bbox 143 1615 245 1674; x_wconf 85' lang='lat' dir='ltr'>ceteris</span> <span class='ocrx_word' id='word_1_103' title='bbox 260 1614 343 1672; x_wconf 85' lang='lat' dir='ltr'>rebus</span> <span class='ocrx_word' id='word_1_104' title='bbox 362 1613 514 1687; x_wconf 75' lang='lat' dir='ltr'>omnibus,</span> <span class='ocrx_word' id='word_1_105' title='bbox 532 1614 645 1692; x_wconf 85' lang='lat' dir='ltr'>semper</span> <span class='ocrx_word' id='word_1_106' title='bbox 661 1633 723 1671; x_wconf 85' lang='lat' dir='ltr'>am·</span> 
     </span>
     <span class='ocr_line' id='line_1_19' title="bbox 36 1691 720 1774; baseline -0.001 -22"><span class='ocrx_word' id='word_1_107' title='bbox 36 1695 176 1774; x_wconf 80' lang='lat' dir='ltr'>piissimis</span> <span class='ocrx_word' id='word_1_108' title='bbox 197 1691 366 1772; x_wconf 84' lang='lat' dir='ltr'>summisque</span> <span class='ocrx_word' id='word_1_109' title='bbox 394 1691 483 1753; x_wconf 83' lang='lat' dir='ltr'>effero</span> <span class='ocrx_word' id='word_1_110' title='bbox 505 1691 633 1752; x_wconf 72' lang='lat' dir='ltr'>laudibus</span> <span class='ocrx_word' id='word_1_111' title='bbox 649 1710 659 1762; x_wconf 91' lang='lat'>;</span> <span class='ocrx_word' id='word_1_112' title='bbox 677 1692 720 1751; x_wconf 74' lang='lat' dir='ltr'>*de</span> 
     </span>
     <span class='ocr_line' id='line_1_20' title="bbox 37 1770 720 1852; baseline -0.003 -20"><span class='ocrx_word' id='word_1_113' title='bbox 37 1773 189 1833; x_wconf 81' lang='lat' dir='ltr'>tribunitia</span> <span class='ocrx_word' id='word_1_114' title='bbox 209 1770 347 1852; x_wconf 83' lang='lat' dir='ltr'>potestate</span> <span class='ocrx_word' id='word_1_115' title='bbox 369 1791 470 1832; x_wconf 86' lang='lat' dir='ltr'>taceo:</span> <span class='ocrx_word' id='word_1_116' title='bbox 488 1792 540 1831; x_wconf 87' lang='lat' dir='ltr'>nec</span> <span class='ocrx_word' id='word_1_117' title='bbox 565 1773 644 1831; x_wconf 84' lang='lat' dir='ltr'>enim</span> <span class='ocrx_word' id='word_1_118' title='bbox 668 1788 720 1831; x_wconf 77' lang='lat' dir='ltr'>re·-</span> 
     </span>
     <span class='ocr_line' id='line_1_21' title="bbox 38 1848 673 1933; baseline -0.008 -20"><span class='ocrx_word' id='word_1_119' title='bbox 38 1853 223 1933; x_wconf 85' lang='lat' dir='ltr'>prehendere</span> <span class='ocrx_word' id='word_1_120' title='bbox 241 1853 330 1925; x_wconf 83' lang='lat' dir='ltr'>libet,</span> <span class='ocrx_word' id='word_1_121' title='bbox 349 1871 402 1913; x_wconf 90' lang='lat' dir='ltr'>nec</span> <span class='ocrx_word' id='word_1_122' title='bbox 420 1851 534 1911; x_wconf 87' lang='lat' dir='ltr'>laudare</span> <span class='ocrx_word' id='word_1_123' title='bbox 572 1848 673 1910; x_wconf 79' lang='lat' dir='ltr'>ossum.</span> 
     </span>
    </p>

    <p class='ocr_par' dir='ltr' id='par_1_4' title="bbox 79 1873 721 2012">
     <span class='ocr_line' id='line_1_22' title="bbox 79 1873 721 2012; baseline -0.008 -21"><span class='ocrx_word' id='word_1_124' title='bbox 79 1932 120 1992; x_wconf 88' lang='lat' dir='ltr'>X.</span> <span class='ocrx_word' id='word_1_125' title='bbox 144 1933 190 1992; x_wconf 89' lang='lat' dir='ltr'>M.</span> <span class='ocrx_word' id='word_1_126' title='bbox 206 1931 287 1990; x_wconf 76' lang='lat' dir='ltr'>Vitia</span> <span class='ocrx_word' id='word_1_127' title='bbox 300 1931 416 2012; x_wconf 87' lang='lat' dir='ltr'>quidem</span> <span class='ocrx_word' id='word_1_128' title='bbox 427 1873 584 1990; x_wconf 72' lang='lat' dir='ltr'>tribunards</span> <span class='ocrx_word' id='word_1_129' title='bbox 601 1930 721 2010; x_wconf 75' lang='lat' dir='ltr'>praecla·</span> 
     </span>
    </p>
   </div>
   <div class='ocr_carea' id='block_1_3' title="bbox 40 2007 722 2149">
    <p class='ocr_par' dir='ltr' id='par_1_5' title="bbox 40 2007 722 2149">
     <span class='ocr_line' id='line_1_23' title="bbox 40 2007 722 2149; baseline -0.009 -79"><span class='ocrx_word' id='word_1_130' title='bbox 40 2011 94 2085; x_wconf 70' lang='lat' dir='ltr'>re,</span> <span class='ocrx_word' id='word_1_131' title='bbox 116 2011 255 2090; x_wconf 77' lang='lat' dir='ltr'>Quirite,</span> <span class='ocrx_word' id='word_1_132' title='bbox 269 2011 421 2149; x_wconf 78' lang='lat' dir='ltr'>¹perspicis.</span> <span class='ocrx_word' id='word_1_133' title='bbox 437 2010 496 2070; x_wconf 91' lang='lat' dir='ltr'>Sed</span> <span class='ocrx_word' id='word_1_134' title='bbox 515 2007 555 2072; x_wconf 88' lang='lat' dir='ltr'>est</span> <span class='ocrx_word' id='word_1_135' title='bbox 575 2009 671 2086; x_wconf 84' lang='lat' dir='ltr'>iniqua</span> <span class='ocrx_word' id='word_1_136' title='bbox 692 2009 722 2065; x_wconf 88' lang='lat' dir='ltr'>in</span> 
     </span>
    </p>
   </div>
   <div class='ocr_carea' id='block_1_4' title="bbox 1 2085 735 2815">
    <p class='ocr_par' dir='ltr' id='par_1_6' title="bbox 1 2085 735 2815">
     <span class='ocr_line' id='line_1_24' title="bbox 42 2085 735 2171; baseline -0.012 -21"><span class='ocrx_word' id='word_1_137' title='bbox 42 2096 121 2151; x_wconf 87' lang='lat' dir='ltr'>omni</span> <span class='ocrx_word' id='word_1_138' title='bbox 144 2113 177 2153; x_wconf 85' lang='lat' dir='ltr'>re</span> <span class='ocrx_word' id='word_1_139' title='bbox 196 2111 268 2150; x_wconf 89' lang='lat' dir='ltr'>accu</span> <span class='ocrx_word' id='word_1_140' title='bbox 280 2091 377 2163; x_wconf 80' lang='lat' dir='ltr'>a&#39;nda,</span> <span class='ocrx_word' id='word_1_141' title='bbox 400 2089 595 2171; x_wconf 67' lang='lat' dir='ltr'>pretermissis</span> <span class='ocrx_word' id='word_1_142' title='bbox 616 2085 700 2144; x_wconf 89' lang='lat' dir='ltr'>bonis</span> <span class='ocrx_word' id='word_1_143' title='bbox 712 2121 735 2170; x_wconf 52' lang='lat'>,3</span> 
     </span>
     <span class='ocr_line' id='line_1_25' title="bbox 44 2164 722 2246; baseline -0.01 -16"><span class='ocrx_word' id='word_1_144' title='bbox 44 2174 188 2232; x_wconf 75' lang='lat' dir='ltr'>maiorum</span> <span class='ocrx_word' id='word_1_145' title='bbox 204 2172 402 2241; x_wconf 76' lang='lat' dir='ltr'>enumeratio,</span> <span class='ocrx_word' id='word_1_146' title='bbox 417 2170 611 2246; x_wconf 83' lang='lat' dir='ltr'>vitiorumque</span> <span class='ocrx_word' id='word_1_147' title='bbox 628 2164 722 2224; x_wconf 87' lang='lat' dir='ltr'>selec·</span> 
     </span>
     <span class='ocr_line' id='line_1_26' title="bbox 1 2242 722 2330; baseline -0.008 -21"><span class='ocrx_word' id='word_1_148' title='bbox 1 2259 2 2279; x_wconf 36' lang='lat' dir='ltr'>i</span> <span class='ocrx_word' id='word_1_149' title='bbox 45 2251 95 2310; x_wconf 84' lang='lat' dir='ltr'>tio.</span> <span class='ocrx_word' id='word_1_150' title='bbox 116 2251 195 2312; x_wconf 86' lang='lat' dir='ltr'>Nam</span> <span class='ocrx_word' id='word_1_151' title='bbox 211 2253 263 2310; x_wconf 84' lang='lat' dir='ltr'>isso</span> <span class='ocrx_word' id='word_1_152' title='bbox 275 2251 392 2330; x_wconf 88' lang='lat' dir='ltr'>quidem</span> <span class='ocrx_word' id='word_1_153' title='bbox 403 2249 492 2310; x_wconf 90' lang='lat' dir='ltr'>modo</span> <span class='ocrx_word' id='word_1_154' title='bbox 503 2247 552 2308; x_wconf 81' lang='lat' dir='ltr'>vel</span> <span class='ocrx_word' id='word_1_155' title='bbox 562 2242 722 2305; x_wconf 86' lang='lat' dir='ltr'>consulatus</span> 
     </span>
     <span class='ocr_line' id='line_1_27' title="bbox 47 2327 723 2413; baseline -0.006 -26"><span class='ocrx_word' id='word_1_156' title='bbox 47 2332 192 2413; x_wconf 77' lang='lat' dir='ltr'>vituperio</span> <span class='ocrx_word' id='word_1_157' title='bbox 208 2331 271 2401; x_wconf 69' lang='lat' dir='ltr'>est3</span> <span class='ocrx_word' id='word_1_158' title='bbox 288 2333 311 2389; x_wconf 88' lang='lat' dir='ltr'>si</span> <span class='ocrx_word' id='word_1_159' title='bbox 327 2327 494 2400; x_wconf 74' lang='lat' dir='ltr'>consulum,</span> <span class='ocrx_word' id='word_1_160' title='bbox 511 2345 584 2406; x_wconf 89' lang='lat' dir='ltr'>quos</span> <span class='ocrx_word' id='word_1_161' title='bbox 602 2343 723 2384; x_wconf 89' lang='lat' dir='ltr'>enume-</span> 
     </span>
     <span class='ocr_line' id='line_1_28' title="bbox 48 2403 723 2490; baseline -0.012 -21"><span class='ocrx_word' id='word_1_162' title='bbox 48 2431 105 2472; x_wconf 79' lang='lat' dir='ltr'>rare</span> <span class='ocrx_word' id='word_1_163' title='bbox 125 2413 219 2482; x_wconf 90' lang='lat' dir='ltr'>nolo,</span> <span class='ocrx_word' id='word_1_164' title='bbox 241 2409 363 2490; x_wconf 78' lang='lat' dir='ltr'>peccata&#39;</span> <span class='ocrx_word' id='word_1_165' title='bbox 376 2408 535 2490; x_wconf 85' lang='lat' dir='ltr'>collegeris.</span> <span class='ocrx_word' id='word_1_166' title='bbox 557 2403 621 2489; x_wconf 83' lang='lat' dir='ltr'>Ego</span> <span class='ocrx_word' id='word_1_167' title='bbox 645 2405 723 2462; x_wconf 88' lang='lat' dir='ltr'>enim</span> 
     </span>
     <span class='ocr_line' id='line_1_29' title="bbox 50 2481 723 2570; baseline -0.013 -21"><span class='ocrx_word' id='word_1_168' title='bbox 50 2488 139 2552; x_wconf 71' lang='lat' dir='ltr'>fateor</span> <span class='ocrx_word' id='word_1_169' title='bbox 156 2495 187 2551; x_wconf 82' lang='lat' dir='ltr'>in</span> <span class='ocrx_word' id='word_1_170' title='bbox 203 2489 253 2549; x_wconf 83' lang='lat' dir='ltr'>isia</span> <span class='ocrx_word' id='word_1_171' title='bbox 263 2488 322 2568; x_wconf 90' lang='lat' dir='ltr'>ipsa</span> <span class='ocrx_word' id='word_1_172' title='bbox 338 2481 475 2570; x_wconf 77' lang='lat' dir='ltr'>potestate</span> <span class='ocrx_word' id='word_1_173' title='bbox 489 2482 576 2545; x_wconf 87' lang='lat' dir='ltr'>inesse</span> <span class='ocrx_word' id='word_1_174' title='bbox 586 2481 723 2563; x_wconf 77' lang='lat' dir='ltr'>quiddam</span> 
     </span>
     <span class='ocr_line' id='line_1_30' title="bbox 52 2563 723 2648; baseline -0.016 -18"><span class='ocrx_word' id='word_1_175' title='bbox 52 2572 133 2630; x_wconf 74' lang='lat' dir='ltr'>mali:</span> <span class='ocrx_word' id='word_1_176' title='bbox 158 2571 208 2632; x_wconf 87' lang='lat' dir='ltr'>sed</span> <span class='ocrx_word' id='word_1_177' title='bbox 227 2571 356 2642; x_wconf 82' lang='lat' dir='ltr'>bonum,¹</span> <span class='ocrx_word' id='word_1_178' title='bbox 376 2566 454 2648; x_wconf 80' lang='lat' dir='ltr'>quod</span> <span class='ocrx_word' id='word_1_179' title='bbox 470 2563 510 2626; x_wconf 82' lang='lat' dir='ltr'>est</span> <span class='ocrx_word' id='word_1_180' title='bbox 526 2564 676 2645; x_wconf 66' lang='lat' dir='ltr'>quaesitum</span> <span class='ocrx_word' id='word_1_181' title='bbox 692 2563 723 2620; x_wconf 86' lang='lat' dir='ltr'>in</span> 
     </span>
     <span class='ocr_line' id='line_1_31' title="bbox 55 2639 725 2723; baseline -0.016 -10"><span class='ocrx_word' id='word_1_182' title='bbox 55 2666 103 2723; x_wconf 72' lang='lat' dir='ltr'>ea,</span> <span class='ocrx_word' id='word_1_183' title='bbox 121 2654 184 2712; x_wconf 80' lang='lat' dir='ltr'>sine</span> <span class='ocrx_word' id='word_1_184' title='bbox 202 2648 256 2710; x_wconf 88' lang='lat' dir='ltr'>isto</span> <span class='ocrx_word' id='word_1_185' title='bbox 267 2649 344 2707; x_wconf 81' lang='lat' dir='ltr'>rnalo</span> <span class='ocrx_word' id='word_1_186' title='bbox 355 2669 415 2706; x_wconf 86' lang='lat' dir='ltr'>non</span> <span class='ocrx_word' id='word_1_187' title='bbox 433 2647 612 2706; x_wconf 81' lang='lat' dir='ltr'>haberemus.</span> <span class='ocrx_word' id='word_1_188' title='bbox 628 2639 725 2702; x_wconf 74' lang='lat' dir='ltr'>Nimia</span> 
     </span>
     <span class='ocr_line' id='line_1_32' title="bbox 2 2719 722 2815; baseline -0.017 -19"><span class='ocrx_word' id='word_1_189' title='bbox 2 2791 3 2796; x_wconf 73' lang='grc'>,</span> <span class='ocrx_word' id='word_1_190' title='bbox 55 2730 174 2807; x_wconf 78' lang='lat' dir='ltr'>potestas</span> <span class='ocrx_word' id='word_1_191' title='bbox 189 2729 230 2792; x_wconf 80' lang='lat' dir='ltr'>est</span> <span class='ocrx_word' id='word_1_192' title='bbox 239 2725 419 2815; x_wconf 79' lang='lat' dir='ltr'>tribunorum</span> <span class='ocrx_word' id='word_1_193' title='bbox 428 2725 536 2810; x_wconf 85' lang='lat' dir='ltr'>plebis:</span> <span class='ocrx_word' id='word_1_194' title='bbox 547 2724 609 2805; x_wconf 88' lang='lat' dir='ltr'>quis</span> <span class='ocrx_word' id='word_1_195' title='bbox 619 2719 722 2802; x_wconf 70' lang='lat' dir='ltr'>negati</span> 
     </span>
    </p>
   </div>
   <div class='ocr_carea' id='block_1_5' title="bbox 0 0 1004 3602">
    <p class='ocr_par' dir='ltr' id='par_1_7' title="bbox 0 0 1004 3602">
     <span class='ocr_line' id='line_1_33' title="bbox 0 0 1004 3602; baseline 0 0"><span class='ocrx_word' id='word_1_196' title='bbox 0 0 1004 3602; x_wconf 95' lang='lat' dir='ltr'> </span> 
     </span>
    </p>
   </div>
  </div>
 </body>
</html>
