1960 3592
253 243 622 320 nuruum-rr.
710 251 792 344 537

101 357 136 423 in
156 359 221 435 iis,
253 381 321 446 quae
343 361 407 425 sunt
427 363 541 448 semper
558 365 685 438 eadem,
709 365 741 424 ic
761 366 794 426 in

103 443 159 516 iis,
174 461 241 522 quae
259 461 432 516 mutantur,
476 466 547 506 uum
564 449 593 506 in
614 445 740 518 eodem,
758 445 793 505 δι

103 525 135 582 in
155 525 248 584 altero
267 544 407 586 movetur
420 467 480 606 ipiqa
500 547 552 607 per
568 524 597 588 se
613 528 674 587 sine
694 543 791 602 voce,

104 605 140 678 δι
159 604 223 664 sine
239 605 312 665 ullo
333 603 425 678 sono,
451 627 539 688 quum
562 606 697 667 eamdem
722 623 794 687 per-

102 698 167 742 tem
186 685 321 767 attingit,
337 685 396 765 qui
411 682 505 745 sensus
523 688 590 746 cieri
611 684 725 768 potest:
744 705 800 748 or-'

102 762 149 824 bis
178 764 258 824 illius
289 769 403 859 generis
433 765 547 826 alterius
576 769 740 826 immutatus
765 767 798 828 ὃ(

104 841 202 904 reciae
220 864 325 902 omma
346 846 443 904 animo
460 847 611 926 mentique
629 845 799 906 denuntiate

104 937 171 982 turn
187 925 349 1004 opiniones
365 923 590 1005 aiiensionesque
603 924 800 986 firmaezverae-

106 1023 166 1086 que
183 1007 354 1086 gignuntur.
371 1004 474 1084 Quum
490 1025 587 1068 autern
600 1007 630 1065 in
644 1005 699 1069 illis
712 1006 800 1064 rebus

104 1087 258 1158 vertitur,
276 1104 340 1166 que
359 1103 509 1146 manentes
522 1085 641 1166 -semper
660 1085 799 1158 eaedem,

107 1185 172 1224 non
191 1163 298 1238 seusu,
316 1162 366 1224 sed
376 1167 571 1248 intelligentii
592 1167 799 1238 continentur,

90 1250 174 1306 'nun
208 1245 402 1326 intelligentia
436 1245 609 1328 scientiaque
639 1243 798 1306 neceffarib

110 1324 247 1387 efficitur.
274 1326 330 1356 ’Μ
353 1326 461 1405 Defimt
480 1331 578 1387 multa.
717 1377 720 1382 .
802 1371 806 1378 -
869 1345 870 1349 ’

153 1405 210 1466 ΙΧ.
234 1403 363 1465 Ratione
391 1409 474 1486 igitur
497 1408 528 1466 &
551 1423 650 1466 mente
673 1405 803 1480 divini,

112 1485 152 1548 ed
172 1489 219 1546 ori
240 1489 320 1546 'nem
337 1487 497 1564 temporie,
517 1485 686 1545 curriurlum
702 1489 803 1546 inven-

114 1583 180 1628 tum
200 1586 217 1627 e
266 1563 333 1625 solis
354 1565 387 1624 δι’
404 1565 489 1625 lune.
508 1565 567 1596 *⁴*
588 1562 725 1644 Corpora
747 1587 804 1624 au-

115 1665 180 1710 rem
212 1665 318 1706 eorum
347 1647 525 1728 singulorum
555 1663 643 1726 quum
668 1641 806 1706 efferarer

116 1725 227 1801 Deus,
243 1746 279 1786 ea
291 1723 329 1786 ad
344 1745 392 1786 eas
410 1727 614 1786 conversiones
630 1727 804 1798 collocavit,

160 1827 192 1867 ae
223 1807 338 1866 alterius
358 1807 487 1867 circuitus
509 1805 709 1878 conficiebat,
740 1824 806 1885 quae

118 1829 186 1950 irim
209 1885 346 1967 septem,
367 1905 400 1946 ut
417 1888 449 1948 &
470 1887 519 1947 illa
537 1885 656 1966 septem.
683 1883 726 1944 ira
744 1889 807 1947 vim

106 1967 203 2030 suam
232 1984 336 2028 natura
361 1969 526 2040 convertit,
551 1985 584 2026 ut
606 1984 712 2026 terram
731 1965 808 2025 iuuae

120 2048 222 2111 cursus
241 2049 373 2129 proxime
391 2049 533 2119 ambiret,
548 2049 633 2186 eiqple
649 2045 733 2124 supra
747 2063 808 2106 ter-

121 2148 186 2190 ram
200 2132 335 2208 proxima
350 2125 416 2188 solis
436 2131 580 2191 circumve
608 2129 637 2186 ‘o
653 2124 732 2186 effeta
743 2125 811 2186 Lus

123 2209 199 2270 cifer
228 2207 367 2282 deinde,
393 2209 426 2268 &
454 2207 547 2269 sanna
572 2206 710 2270 Mercurii
731 2204 811 2268 stella

125 2289 241 2352 cursum
258 2289 365 2348 habent
387 2288 453 2348 solis
472 2289 609 2351 celeritati
626 2305 745 2368 parem,
761 2286 813 2346 sed

127 2373 192 2435 vim
218 2368 375 2450 quemdam
403 2371 600 2430 contrariam:
622 2368 715 2448 eique
736 2389 813 2428 con-2

129 2453 291 2525 versione,
312 2467 399 2530 quam
418 2453 491 2510 inter
507 2447 535 2510 se
554 2448 661 2509 habent
679 2447 814 2524 Lucifer,

131 2532 320 2603 Mercurius,
337 2527 388 2592 sol
403 2574 413 2602 ,
428 2529 475 2590 alii
493 2531 565 2590 alios
576 2532 696 2591 vincunt
705 2573 715 2604 ,
725 2531 818 2590 vicis-

133 2615 254 2692 simque
279 2612 440 2673 vincuntur.
473 2609 663 2690 Reliquorum
693 2610 820 2670 siderum

134 2712 204 2774 quae
221 2690 484 2752 causacollocandi
498 2690 607 2764 fuerit,
627 2709 748 2770 quaeque
765 2709 821 2748 eo·

111 2781 113 2784 ’
138 2789 207 2838 rum
229 2774 266 2836 sit
292 2772 474 2850 collocatio,
497 2774 529 2836 in
549 2769 714 2911 sermonpm
735 2769 824 2832 alium

694 2869 716 2918 u
