1954 3604
206 269 278 364 176
350 269 423 338 Dr
457 287 717 357 orrrcrrs,

198 385 235 445 δι
253 385 389 457 anticos,
410 383 442 443 &
467 381 670 460 juventutem,
696 386 728 443 δι
752 385 878 447 maximi
968 416 971 447 1

199 466 409 546 rempublicam
427 464 548 524 consilio
566 466 598 524 &
617 464 770 546 prudentii
792 467 879 547 quim
970 498 971 526 1

196 545 358 626 plurimum
383 543 531 622 adjuvent.
558 542 636 604 Nihil
660 562 757 604 autern
788 549 881 628 magis

174 623 364 688 ·'cavendurn
380 623 421 684 est
433 623 587 696 serotini,
602 624 690 706 quam
705 645 746 684 ne
760 625 883 707 languo-

201 707 226 766 ri
260 704 288 766 se
321 704 495 785 desidiaeque
525 704 620 764 dedat.
654 705 778 764 Luxuria
806 707 881 766 vero

201 804 295 924 guum
323 788 404 846 omni
425 785 499 844 aetati
520 787 638 864 turpis,
660 803 721 844 turn
745 783 882 846 feretran

218 866 363 926 oedissima
382 863 437 925 est:
455 868 610 926 sinautem
626 866 777 926 libidinum
794 869 882 925 etiam

165 969 170 978 ·
203 948 425 1026 intemperantia
445 943 616 1018 accellerit,
642 946 748 1028 duplex
773 947 882 1006 malunt

203 1023 265 1102 est,
287 1027 367 1108 quid
386 1026 418 1086 ὃ(
434 1025 497 1106 ipsa*
508 1023 636 1086 seneclus
653 1027 779 1106 concipit
795 1027 885 1086 dede·

204 1127 254 1168 cus
270 1153 280 1182 ,
298 1105 414 1168 &facit
435 1105 660 1167 adolescentium
681 1107 883 1187 impudentio-

204 1207 268 1248 rem
286 1189 546 1266 intemperantiam.
723 1259 725 1262 Ι

251 1286 325 1340 1²4·
338 1265 383 1328 Ac
400 1286 437 1327 ne
455 1267 526 1328 illud
542 1266 661 1348 quidem
677 1266 802 1326 alienum
821 1263 884 1342 est,

207 1347 245 1408 de
261 1345 493 1430 magistratuum,
507 1347 544 1407 de
558 1349 735 1428 privatorum
750 1393 759 1420 ,
777 1347 814 1407 de
837 1350 885 1407 ci·-

199 1430 315 1502 -v'iunt,
341 1427 378 1489 de
402 1430 621 1510 peregrinorum
646 1425 748 1487 officiis
778 1427 886 1488 dicere.

202 1505 255 1568 Est
276 1511 363 1590 igitur
384 1511 533 1588 proprium
556 1529 660 1568 munus
682 1505 885 1588 magiſtratio,

204 1587 386 1670 intelligere,
407 1588 435 1648 se
457 1607 556 1670 gerere
572 1588 723 1668 personam
743 1589 886 1664 civitatis,

205 1668 314 1730 debere
337 1689 373 1730 ue
390 1667 452 1746 ejus
469 1668 638 1750 dignitatem
656 1669 688 1727 &
703 1667 790 1727 decus
810 1667 888 1728 susti-

169 1813 172 1819 ,
207 1768 298 1824 nere,
315 1691 425 1811 pervere
447 1749 551 1830 leges,
568 1746 630 1827 jura
651 1746 831 1820 describere,
852 1768 888 1808 ea

195 1826 279 1892 'fidei
303 1830 356 1889 suae
377 1827 523 1890 committa
547 1826 716 1888 meminiffe
741 1826 888 1887 Privatum

207 1927 306 1970 autem
325 1926 442 1988 oportet
463 1929 546 1988 aequo
563 1907 594 1968 &
612 1911 675 1987 pari
692 1927 758 1968 cum
776 1907 887 1969 civibus

202 1985 271 2070 -jure
286 1991 408 2062 vivere,
428 2008 523 2069 neque
542 1986 716 2048 summissum
737 1988 769 2047 ὃ(
792 1985 890 2065 abjec-

207 2085 272 2131 tum
283 2117 293 2144 ,
306 2073 402 2152 neque
420 2068 448 2130 se
464 2067 655 2141 efferentemt
666 2085 729 2128 tum
748 2071 779 2126 in
796 2087 890 2149 repu-

207 2149 284 2212 blica
303 2171 339 2211 ea
356 2152 453 2224 velle,
473 2171 538 2231 quae
552 2149 752 2228 tranquilla&
769 2147 891 2210 honesta
970 2153 971 2196 l

204 2234 283 2290 sint:
299 2231 388 2290 talem
401 2231 523 2291 enirn&
537 2227 638 2290 sentire
651 2229 762 2290 bonum
775 2231 889 2305 civem,
932 2272 935 2279 -
970 2305 971 2312 ἵ

210 2307 358 2374 &dicere
378 2311 512 2372 solemus.
970 2319 971 2378 ζ

256 2410 321 2472 ¹25·
333 2389 480 2474 Peregrini
494 2405 590 2450 autem
602 2389 635 2449 &
644 2389 749 2450 incolae
759 2385 891 2449 officium
970 2423 971 2470 3

209 2467 274 2544 est,
294 2472 364 2532 nihil
383 2489 485 2551 praetet
506 2471 587 2543 suurn
609 2471 759 2552 negotium
783 2487 892 2550 agere,
969 2473 971 2540 ξ

209 2549 281 2609 nihil
297 2551 333 2612 de
353 2552 449 2612 alieno
471 2554 641 2633 anquirere,
659 2547 836 2630 minimeque
859 2552 892 2610 in
969 2549 971 2554 ’

211 2628 304 2689 aliena
331 2629 388 2692 elle
416 2633 561 2713 republica
585 2629 736 2691 curiosum.
757 2627 803 2688 lta
828 2627 893 2690 fere
970 2647 971 2652 ¹

203 2707 306 2772 officia
322 2713 518 2791 reperientur,
533 2731 623 2793 quum
635 2727 775 2792 quaeretur
791 2753 801 2783 ,
820 2708 893 2790 quid

210 2790 332 2869 deceat,
352 2792 384 2856 &
398 2795 468 2876 quid
482 2810 582 2875 aptum
601 2795 638 2852 sit
651 2789 798 2874 personis,
816 2806 894 2863 tenu,
