1958 3598
301 263 601 334 PAuAnoxA.
711 283 791 361 439

102 378 182 444 mlii
203 376 349 460 eripuisses
376 378 506 442 divinam
529 382 616 441 animi
633 380 692 442 mei
715 401 790 442 con·

102 458 258 534 stantiam,
276 481 356 522 meas
376 479 479 536 arras,
494 463 628 544 vigilias,
648 463 790 536 consilia,-

103 541 210 623 quibus
232 540 398 622 respublica
413 557 443 602 te
463 544 636 604 invitissimo
659 540 738 603 stat:
763 547 788 604 si

104 620 192 700 hujus
208 623 317 684 aremi
345 621 481 684 beneficii
503 622 698 685 immortalem
721 639 790 684 me·

103 705 232 764 moriana
253 700 421 768 delevisse„
440 704 532 764 mulrb
553 706 642 766 etiam
661 707 751 786 magis
766 706 791 765 si

104 783 190 852 illam,
205 802 336 846 mentem
350 829 361 858 ,
376 784 454 846 unde
472 785 535 845 haec
553 786 672 847 consilia
692 805 793 844 mana·

105 882 198 938 runt,
216 865 286 926 mihi
305 861 552 948 eripuilles31urn
574 885 631 949 ego
650 861 790 948 accepisse

104 965 157 1008 me
181 943 337 1009 confiterer
358 943 500 1025 injuriam.
521 945 580 1008 Sed
604 949 628 1007 si
646 945 707 1004 hac
731 963 787 1006 nec

105 1023 199 1087 fecisti
215 1047 303 1100 ‚nee
316 1024 566 1109 facerepuruisti3
581 1027 705 1088 reditum
720 1026 791 1087 mihi

107 1104 266 1190 gloriosum
285 1106 388 1188 injuria
406 1125 455 1169 rua
473 1105 577 1182 dedii,
599 1109 792 1169 nomentum

107 1187 316 1250 calaruitusuru.
336 1187 415 1271 Erg'o
437 1209 495 1272 ego
519 1187 579 1250 sem
620 1211 633 1250 r
651 1189 743 1261 civis3
758 1188 791 1248 &
825 1237 828 1246 ,

107 1286 172 1332 turn
183 1271 336 1343 ssmuiml,
352 1289 441 1352 quum
455 1287 554 1336 meam
582 1267 792 1330 alurem'sena-

109 1367 157 1412 tus
180 1353 286 1412 ureris
307 1351 498 1425 nationibus,
520 1366 553 1414 ut
572 1353 643 1413 civis
663 1352 792 1429 optimi,

109 1432 334 1493 commendabat
354 1453 363 1504 3
389 1450 448 1506 tu,
478 1449 516 1492 ne
541 1451 619 1494 nuuc
645 1431 793 1512 quidemr

109 1513 166 1574 nisi
190 1512 267 1574 forre
285 1513 365 1574 idem
386 1509 442 1574 else
460 1508 569 1586 hostis,
593 1513 627 1571 δι
648 1515 717 1572 civis
737 1531 793 1592 po-

110 1592 174 1655 test.
191 1593 241 1654 An
261 1611 292 1655 ru
311 1597 406 1655 civem
425 1591 462 1652 ab
483 1589 564 1652 hoste
581 1591 682 1652 natura
696 1589 732 1650 'ac
748 1592 796 1652 lo‘·

110 1695 169 1750 co,
187 1696 247 1736 non
265 1678 365 1736 auimo
384 1669 703 1754 fallisquedistinguis?
722 1668 794 1732 Cae·

111 1755 181 1818 dem
205 1758 237 1815 in
261 1753 328 1817 foro
357 1752 469 1816 fecisti:
498 1755 612 1814 armatis
634 1751 793 1814 latronibus
862 1773 867 1778 ·

1 1833 2 1910 Ῑ
111 1836 222 1917 templa
234 1835 364 1898 tenuisti:
377 1838 556 1918 privatorum
571 1836 700 1908 domos,
716 1832 795 1896 aedes

111 1915 203 1979 sacras
229 1915 387 1980 incendisti.
415 1915 477 1978 Cur
500 1911 587 1976 hostis
609 1914 760 1996 Spartacus
783 1955 794 1989 ,

110 2001 188 2061 situ
210 2000 280 2060 civis
300 1998 311 2059 ἒ
341 2015 425 2080 potes
449 2013 545 2059 autem
566 1994 623 2058 elle
643 2013 675 2058 tu
694 1996 767 2066 civis
784 2011 797 2070 ¹,

2 2135 3 2162 p
133 2095 236 2162 ropter
251 2099 339 2161 quem
355 2079 509 2162 aliquando
524 2079 624 2138 civitas
641 2085 702 2136 'non
717 2074 772 2138 fuit
782 2076 800 2148 l,

112 2101 150 2222 {a
179 2179 229 2221 me
259 2158 385 2222 exsulem
413 2179 465 2222 tuo
492 2161 612 2219 nomine
643 2156 795 2238 apellas,

114 2263 205 2325 quum
220 2261 322 2302 omnes
340 2262 409 2302 meo
428 2237 544 2302 discellu
561 2237 639 2300 exsul
678 2258 694 2300 e
717 2258 799 2299 rern-

114 2321 258 2406 publicam
281 2339 383 2402 putent
400 2321 421 2384 ἓ.
443 2321 678 2402 Numquamne,
699 2318 793 2380 homo

115 2405 344 2477 amentissime,
374 2403 410 2464 ret¹
433 2401 639 2483 circumspicies
663 2399 675 2460 l
703 2420 795 2460 nurn-

116 2503 262 2566 quamne,
287 2485 356 2566 quid
374 2483 482 2557 faciae,
504 2481 717 2555 considerabis,
738 2500 795 2542 nec

116 2566 186 2646 quid
208 2564 357 2645 loquare?
383 2563 473 2625 nescis
498 2564 631 2626 exsilium
652 2562 796 2624 scelerum

116 2643 173 2708 elle
193 2645 336 2728 poenam?
364 2666 463 2708 meum
482 2645 553 2706 illud
576 2647 631 2706 iter
654 2644 694 2705 ob
738 2663 796 2703 rae·

118 2726 285 2786 clarissimas
310 2746 355 2787 res
380 2749 397 2786 a
417 2746 465 2787 me
487 2724 578 2808 gestas
600 2722 655 2786 effe
679 2666 797 2804 [αἰθρ-

117 2807 201 2869 rum?
221 2804 336 2870 Omnes
353 2805 480 2870 scelerati
496 2822 581 2888 atque
594 2806 697 2944 sslii’
717 2823 797 2886 quo-

647 2905 678 2946 iv
