1990 3594
200 261 277 332 4¹0
338 221 412 306 D'n
444 211 725 305 Amicitias

198 351 272 414 latia
288 354 362 426 etit,
382 368 431 411 aut
449 356 477 412 in
494 345 657 432 reipulilicae
675 349 807 431 partibus
821 347 881 409 dis·-

199 432 293 495 sensio
302 431 486 494 intercesserit
498 431 626 512 (loquor
637 435 734 505 enlm,
746 447 779 491 ut
794 431 888 511 pauli).

199 515 264 574 ante
290 514 373 583 dixi,
403 533 463 573 non
487 513 523 574 de
541 511 570 572 sa
593 514 742 586 lentium,
771 509 822 571 sed
845 511 889 570 dev

198 594 399 658 commtmibns
424 595 553 653 amicitiis
572 533 590 674 ς
614 592 779 653 cavendum
799 593 854 651 erit
871 623 887 665 ,=

198 693 237 734 ne
261 695 323 733 non
338 673 443 736 ¹solirm
470 675 602 733 amicitiae
630 673 801 753 depositae,
833 670 890 730 serl-

200 756 354 814 inimicitiae
371 756 459 815 etiam
473 753 608 834 susceptae
620 754 795 814 videantur:
813 752 883 812 nihil

199 837 284 896 enim
296 837 427 916 turpius,
445 834 532 916 quim
550 835 615 892 oum
637 855 674 895 eo
694 835 808 896 bellum
827 852 883 914 ge-

199 917 412 996 rere,1quiciun
429 915 730 988 familiaritervixeris.
747 913 799 973 Ab
814 916 888 972 ami-

202 998 334 1076 citia·Q.
356 993 487 1078 Pompeii
508 1013 578 1055 meo
598 999 718 1056 nomine
737 993 766 1054 se
786 1013 885 1054 remo-

202 1079 285 1156 vem't
303 1077 315 1157 (
333 1094 365 1136 ut
384 1077 486 1150 scitis)
506 1075 625 1158 Scipi03
640 1092 762 1156 propter
778 1072 884 1135 diffen-

202 1161 315 1218 sionem
338 1171 436 1217 autem
456 1203 466 1232 ,
490 1177 554 1236 quaej
580 1173 689 1232 eratin
714 1155 883 1235 republica,

202 1239 340 1298 alienanto
366 1236 407 1297 est
430 1258 448 1296 a
475 1237 588 1318 collega
612 1233 710 1296 nostro
736 1235 884 1296 Metello:

201 1333 355 1397 utrumque
384 1319 443 1400 egit
471 1321 616 1398 graviter,
637 1317 832 1392 aueonrare,
854 1316 885 1377 &

201 1396 362 1458 offensione
383 1401 470 1457 animi
489 1417 550 1458 non
570 1397 682 1459 acerbi.

242 1477 292 1556 78.
310 1477 516 1558 Quamobrem
540 1479 666 1559 primirm'
684 1476 780 1538 danda
796 1497 886 1558 opera

149 1569 151 1574 ’
202 1556 268 1631 est,
289 1579 327 1620 ne
349 1579 405 1640 qua
426 1562 583 1618 amicorum
601 1558 717 1618 dissidia
736 1557 825 1618 fiant:
843 1562 886 1619 sin

203 1641 260 1700 tale
277 1641 389 1720 *aliquid
410 1635 540 1700 evenerit
550 1659 560 1712 ;
577 1656 609 1699 ut
627 1637 769 1700 exstinllae
788 1641 885 1718 potiits

206 1718 361 1792 amicitie,
382 1720 470 1802 quim
487 1741 527 1800 op
549 1717 626 1780 rellae
646 1719 703 1780 effe
722 1718 886 1779 videantur.

207 1798 381 1863 Cavendum
402 1803 475 1862 verb
498 1821 515 1860 e
552 1845 562 1874 ,
590 1818 628 1860 ne
651 1803 739 1862 etiam
760 1801 790 1858 in
815 1819 887 1882 gra-

205 1901 258 1942 ves
284 1883 444 1942 inimicitias
475 1896 647 1941 convertant
673 1880 703 1943 se
725 1882 855 1940 amicitiae
876 1900 887 1955 3

204 1981 222 2022 e
243 1962 345 2042 quibus
366 1959 480 2045 jurgia,
503 1960 676 2036 maledieta,
703 1962 891 2022 contumelie-

206 2059 406 2124 generentur:
438 2063 502 2122 quae
533 2056 636 2102 tamen*
665 2044 688 2101 si
719 2042 888 2103 tolerabiles

205 2141 313 2197 erunt,
340 2121 466 2184 ferendae
490 2120 574 2196 sunt3
595 2123 628 2183 &
639 2122 697 2183 :hic
715 2121 811 2184 honos
828 2143 888 2184 ve-

205 2206 259 2263 teri
277 2205 409 2267 amicitiae
424 2203 590 2263 tribuendus
607 2200 669 2276 est,
687 2221 720 2264 ut
737 2206 762 2264 is
778 2207 809 2265 in
829 2205 890 2264 cula

206 2305 245 2374 pa
266 2285 325 2358 sit,
350 2286 399 2364 qui
417 2283 523 2362 faciat,
545 2305 605 2344 non
624 2287 673 2363 qui
694 2288 819 2363 patiatur
843 2287 890 2344 in·

205 2367 317 2444 puniam.
336 2362 470 2425 Omnino
484 2367 614 2425 omniurn
631 2365 740 2438 horum,
749 2368 889 2426 vitiorum

207 2460 293 2524 atque
322 2446 576 2506 incommodorum
606 2465 663 2504 una
690 2447 786 2505 cautio
819 2443 889 2520 est,

207 2541 293 2602 atque
312 2546 369 2586 una
390 2529 540 2606 provisio,
560 2541 644 2586 utne
663 2526 749 2584 nimis
766 2527 827 2586 cito
843 2527 890 2586 di·

206 2602 295 2687 ligete
317 2608 510 2687 incipiamus,
533 2626 608 2668 neve
630 2606 775 2688 indignos.

247 2703 297 2766 79.
322 2685 412 2769 Digni
431 2705 531 2748 autem
549 2687 619 2748 -sunt
643 2685 769 2747 amicitia
782 2717 804 2758 ‚=
819 2687 910 2768 qni-.

205 2765 260 2830 bus
280 2770 310 2830 in
334 2769 402 2850 ipsis
421 2766 493 2830 inest
511 2767 623 2844 eausa,
651 2789 702 2831 eur
722 2768 892 2850 diligantur.
