1928 3602
234 262 307 320 120
381 249 457 318 Da
498 251 763 334 omens,

226 362 408 424 dentissirnus
435 363 709 444 &sapientissimus
733 363 788 420 rite
813 359 907 421 haberi

132 511 135 518 .
150 450 153 454 ’
226 443 312 504 solet.¹
324 445 472 522 Quocirca
484 445 568 518 huic,
584 445 663 522 quasi
675 445 813 514 materia,
826 462 908 523 quam

224 523 324 583 tradet
340 531 356 597 ‚'
371 523 404 582 &
424 526 454 582 in
477 543 534 606 qua
552 522 697 596 versetur,
719 518 846 600 subjetta
871 519 908 583 est

225 605 340 664 vemas.
382 623 384 628 ·
493 607 496 616 ¹
864 631 868 636 ·

271 699 316 757 17.
337 680 474 763 Reliquis·
485 698 582 742 autem
594 679 683 740 tribus
694 679 848 740 virtutibus
861 701 913 741 ne-v

226 765 372 822 cessitates
394 766 551 842 propositae
572 759 690 832 ihntad
711 779 760 818 eas
782 780 828 820 res
855 783 908 840 pa·
951 807 952 836 ἢ

225 843 327 902 aandas
344 841 539 922 tuendasque,
551 843 653 922 quibus
665 837 737 898 adiio
751 843 820 900 vitae
837 863 909 900 con·
951 849 952 920 i

225 923 344 982 tinetur:
362 939 395 980 ut
407 921 565 982 &societas
574 923 576 932 ’
586 921 754 987 hominum,
769 917 909 998 conjunc·

225 1005 331 1082 ti'oque·
344 1001 488 1074 servetur;
508 1002 639 1060 &animi
661 999 831 1058 excelientia
848 1023 909 1060 ma·

247 1082 405 1161 nitudoque
426 1101 486 1141 rum
504 1085 536 1139 in
553 1079 688 1161 augendis
709 1079 834 1158 opibus,-
854 1085 924 1142 uti-⁰

225 1102 354 1226 {tatibus
371 1181 405 1220 ne
418 1162 454 1220 ’ἃ
472 1162 543 1220 sibi.
563 1159 662 1219 &suis
685 1162 910 1236 comparandis,

225 1257 287 1299 turn
306 1181 506 1323 inuito-tnagis
525 1242 556 1298 in
567 1240 618 1298 his·
630 1242 698 1318 ipsis
718 1238 915 1318 despiciendis·

225 1321 345 1379 eluceat.
369 1319 462 1380 Ordo
477 1337 598 1391 autem,
620 1321 650 1378 &
673 1317 852 1390 constantia,
882 1323 911 1380 &

226 1401 409 1473 moderatio,
430 1402 462 1460 &
477 1422 535 1472 ea,
554 1421 617 1480 quae
634 1397 697 1458 sunt
718 1399 761 1456 his
784 1401 910 1475 similia,

223 1479 369 1540 versantur
392 1483 422 1541 in
443 1501 482 1540 eo
504 1493 632 1561 genere,
657 1479 693 1537 ad
718 1478 799 1556 quod
828 1481 911 1540 adhi-

223 1558 320 1618 benda
333 1558 373 1619 est
384 1559 456 1618 adiio
473 1559 622 1640 quaedam,
638 1579 699 1616 non
714 1557 807 1616 foliam
825 1581 917 1620 men··
950 1577 952 1592 ³

223 1642 259 1698 tis
275 1642 400 1720 agitatio.
422 1640 474 1698 His
488 1642 566 1699 enim
582 1639 687 1705 rebus,
703 1653 767 1716 qnae
785 1639 911 1699 madian·

223 1732 269 1776 tur
288 1723 318 1778 in
339 1722 426 1792 vita,
449 1719 568 1778 modum
590 1718 744 1798 quemdam
768 1717 800 1774 dc
824 1721 917 1780 ordi-·

221 1817 291 1857 nem
303 1799 488 1872 adhibentes,
499 1796 676 1866 honestatem
689 1798 721 1857 &
730 1797 820 1857 decus
828 1821 918 1860 *cond

226 1876 423 1940 servabimus..
950 1885 952 1896 ⁴

265 1957 320 2016 Vi.
339 1955 386 2014 Ex·
402 1975 525 2038 quatuor
544 1973 641 2016 autem
661 1955 756 2028 locis,
780 1959 811 2016 in
833 1979 912 2040 quos
951 1975 952 1978 ’

221 2035 333 2096 honesti
352 2054 483 2096 naturam
505 2039 631 2116 vimque·
646 2036 824 2110 divisimus,
873 2043 913 2100 η’.

224 2137 287 2175 mus
302 2118 369 2191 ilie,
387 2119 483 2197 quiin
499 2119 559 2176 veri
577 2118 743 2196 cognitione
759 2062 912 2195 considit,

224 2198 348 2256 maxime
369 2214 506 2256 naturam
517 2199 629 2276 attingit
641 2195 805 2256 humanam.
825 2197 913 2260 Om-

224 2287 275 2332 nes
296 2278 373 2334 enim
389 2277 526 2334 trahimur
548 2276 581 2333 δι
603 2276 733 2338 ducimur
749 2276 786 2335 ad
805 2285 922 2361 cogni·

222 2356 308 2412 tionis
326 2353 494 2415 &scientiae
511 2356 697 2434 cupiditatem
709 2357 763 2415 z'in
781 2376 839 2439 qua
859 2381 928 2432 ,exa

222 2433 326 2492 cellere
349 2435 498 2512 pulchrum
522 2453 653 2514 putamus
669 2455 679 2508 3
700 2436 759 2495 labi
778 2457 914 2516 autem,

122 2509 126 2516 '
221 2530 314 2570 errare
326 2556 336 2584 ‚
348 2513 454 2574 nescire
466 2560 475 2588 ‚
489 2515 604 2594 decipi,
616 2517 647 2574 &
657 2516 784 2588 malum,
801 2518 833 2576 δι
847 2537 915 2581 tur·

222 2607 259 2668 pe
282 2590 421 2652 ducimus.
441 2593 474 2652 ln
484 2595 544 2654 hoc
556 2615 662 2676 genere
674 2596 705 2654 ὃ(
717 2597 838 2656 naturali
853 2643 863 2672 ,
877 2601 920 2661 δι’

221 2667 359 2742 honesto,
379 2670 437 2730 duo
466 2676 668 2734 vitiavitanda
687 2674 767 2736 sunt:
788 2697 887 2737 unum
900 2715 926 2754 ‚·-

220 2763 261 2812 ne·
277 2752 498 2835 incognita-pro
515 2758 637 2837 cognitis
647 2755 811 2820 habeamus
822 2801 833 2833 ‚
843 2757 912 2818 his-

409 2875 412 2882 ,
844 2859 909 2920 que
