1954 3604
201 227 278 300 206
349 225 428 295 Dr
463 243 713 312 orrrcrrr,

198 341 463 403 numvitatantum
474 339 885 406 dimtamaufflulmbess

199 425 312 483 riarum.
337 422 525 484 Urbes-verb
547 425 609 482 sine
626 422 778 485 hominum
805 444 885 488 coeru
970 489 971 498 ,

199 525 262 564 non
279 501 432 583 potuissent
447 524 503 564 nec
516 502 666 577 aedificari,
676 525 732 566 nec
747 505 883 585 frequen-
970 509 971 512 ’

141 613 144 618 ·
199 586 269 644 tari:
289 601 397 664 eano
418 585 518 667 leges,
540 583 692 666 moresque
718 584 885 661 constituri;

200 677 264 724 tum
285 660 353 743 juris
378 684 459 746 aequa
478 662 656 746 descriptio,
679 683 757 726 certa
798 687 815 728 e
835 671 885 728 vi-

199 745 296 810 vendi.
311 744 476 827 disciplina:
494 767 565 827 quas
583 765 630 806 res
650 745 681 806 δι
693 748 885 809 ωαηιιετιιάο

200 829 362 888 animorum
385 825 557 900 consecuta,
578 826 610 886 &
626 827 805 888 verccrnrdia
824 826 886 902 esi;

200 903 411 987 effectumque,
434 925 468 970 ut
488 905 558 968 esset
577 909 639 967 vita
661 910 821 980 munitium
840 926 886 970 at-

200 1005 257 1067 que
280 1005 312 1049 ut
330 988 427 1048 dando
448 989 480 1048 &
492 987 696 1068 accipiendo,
719 989 886 1050 mutandis·

200 1087 257 1148 que
288 1067 466 1130 facultatibus
496 1069 528 1129 δι
555 1069 717 1130 commodis
743 1070 822 1131 nulli
853 1091 887 1134 re

199 1167 360 1231 egeremus.

208 1263 211 1268 ·
241 1229 282 1288 V.
302 1228 535 1312 Longioreshoc
555 1229 623 1290 loco
647 1227 742 1290 sumus
762 1274 771 1302 ‚
795 1229 886 1312 quim

200 1307 312 1371 necesse
331 1310 382 1370 esi.
402 1310 480 1388 Quis
493 1308 534 1371 est
554 1311 653 1383 enim,
670 1312 716 1370 cui
735 1329 796 1369 non
815 1331 886 1390 per·

198 1387 295 1527 picria
317 1393 374 1450 sint
397 1391 475 1465 illa,
502 1411 566 1472 quae
588 1389 717 1471 pluribus
747 1391 845 1450 verbis
868 1412 886 1450 a

222 1471 326 1531 anaetio
345 1487 635 1543 commemorantur,
655 1472 803 1531 nertiinem
828 1490 885 1531 ne·
971 1481 973 1510 l

197 1567 255 1628 que
277 1551 381 1611 ducem
399 1551 499 1623 bello,
512 1573 568 1612 nec
588 1553 750 1632 principem
775 1550 886 1626 domi,
972 1557 973 1586 ἒ

200 1649 249 1688 ma

199 1651 294 1772 nulls
336 1731 417 1772 erere
439 1709 582 1792 potuisse?
602 1709 884 1772 Commemorantur

200 1791 283 1853 abeo
324 1787 886 1880 hemislocles‚Pericles‚Cyms‚Age·

200 1871 304 1945 silaiis,
323 1871 510 1945 Alexander,
528 1892 602 1952 quos
620 1889 707 1953 negat
723 1874 786 1931 sine
798 1873 887 1949 adpu-

198 1956 302 2014 mentis
325 1951 477 2012 hominurn
501 1969 592 2012 tantas
614 1970 659 2011 res
681 1949 797 2012 efficere
820 1973 886 2033 po-

197 2034 289 2096 tuisse.
308 2032 405 2093 Utitur
417 2035 446 2090 in
457 2051 488 2092 re
499 2053 560 2091 non
579 2031 667 2092 dubia
682 2029 800 2092 testibus
820 2055 884 2094 non

196 2115 365 2176 necessariis.
398 2110 496 2193 Atque
526 2129 559 2174 ut
590 2132 708 2196 magnas
740 2113 883 2176 utilitates

195 2194 378 2275 adipiscimur
395 2192 606 2273 conspiratione
621 2191 775 2254 hominum
786 2210 881 2275 atque

197 2275 334 2336 consensu
344 2294 354 2346 ;
372 2276 412 2333 sic
430 2275 508 2335 nulla
526 2292 584 2334 tam
603 2270 776 2350 detestabilis
792 2271 881 2354 pestis

197 2351 263 2430 est,
308 2373 352 2414 uae
370 2375 431 2414 non
452 2355 563 2414 homini
583 2354 619 2413 ab
640 2353 759 2416 homine
778 2353 881 2414 nasca-

198 2449 253 2494 tur.
337 2432 500 2495 Dicaearchi
517 2434 589 2496 liber
602 2435 639 2493 de
654 2437 771 2494 interitu
786 2434 887 2495 homi·

134 2527 136 2530 ·
196 2533 286 2588 num,
309 2515 490 2594 Peripatetici
502 2517 599 2597 magni
615 2515 648 2573 &
659 2516 793 2595 copiosi3
814 2519 883 2595 qui,

197 2592 323 2657 colleslis
346 2595 448 2654 ceteris
472 2599 584 2667 causis,
605 2594 770 2668 eluvionis‚
791 2593 883 2675 pesti-

194 2672 311 2750 lentiae,
329 2670 484 2749 vastitatis,
497 2676 656 2736 belluarum
673 2677 759 2736 etiam
776 2695 885 2756 repen·

198 2755 266 2816 nna
284 2754 499 2831 multitudinis,
520 2775 641 2839 quarum
657 2758 770 2838 impetu
791 2756 887 2819 'docet

269 1653 318 1692 nas
338 1651 390 1692 res
421 1633 453 1692 &
480 1630 612 1692 salutares
641 1634 702 1690 sine
731 1631 886 1694 hominum
972 1633 973 1656 ³
