1956 3614
183 299 239 385 '32
334 288 412 358 Da
445 305 706 372 zsornus,

184 399 269 482 Quid
288 401 405 462 tandem
425 403 455 466 id
475 405 512 464 ad
530 403 610 464 rem?
628 403 710 466 Αττ.
722 399 803 484 Quia
818 421 870 465 me

185 482 310 544 Athenis
331 484 427 544 audire
446 505 483 546 ex
502 483 621 544 Phaedro
639 507 708 548 meo
730 488 871 560 memini,

185 560 343 636 Gellium,
366 563 535 626 familiarem
563 583 675 643 tuum,
702 587 791 648 quum
835 588 870 626 ro

184 643 308 710 consule,
322 663 358 704 ex
378 664 500 725 praetura
516 650 545 707 in
565 643 709 708 Gratiam
729 588 872 721 vendit,

186 723 312 786 Athenis
332 724 546 806 philosophos,
564 729 613 806 qui
634 744 697 787 tunt
717 743 819 800 erant,
840 729 871 785 in

186 804 287 866 locum
303 825 392 866 unum
410 805 598 881 convocasse,
611 807 734 888 ipsimae
749 827 873 887 magno·

185 906 259 968 ¹pere
284 885 429 948 audonem
451 885 551 961 fuisse,
573 905 606 947 ut
625 887 778 968 aliquando
799 908 876 946 con·

188 970 392 1028 troversiarum
417 967 543 1050 aliquem
571 966 699 1028 facerent
722 967 872 1028 modumt

190 1049 273 1130 quhd
290 1051 314 1110 si
331 1047 419 1110 essent
435 1069 473 1110 eo
490 1051 605 1122 animo,
623 1065 654 1107 ut
673 1048 784 1109 nollent
802 1066 875 1108 aeta-

190 1146 252 1189 tem
273 1131 304 1188 in
323 1130 420 1190 litibus
440 1147 609 1202 conterere,
623 1127 702 1208 posse
720 1149 783 1188 rem
802 1149 876 1187 con-

191 1210 317 1270 venire:
345 1210 376 1268 ὃ(
397 1210 482 1269 simul
503 1229 623 1289 operam
644 1208 721 1268 suam
739 1209 794 1268 illis
816 1207 875 1270 elle

192 1289 374 1368 pollicitum,
386 1291 409 1348 si
423 1288 514 1368 pollet
532 1291 606 1351 inter
622 1309 673 1350 eos
683 1288 791 1370 aliquid
803 1309 877 1348 con·-

193 1372 303 1432 venire.
330 1367 374 1434 M.
393 1368 524 1430 Ioculare
541 1367 607 1430 iiiuc
624 1369 762 1450 quidem,
782 1367 876 1428 Pom-

191 1452 282 1530 poni,
303 1447 334 1506 &
350 1470 366 1508 a
380 1450 476 1510 multis
494 1449 568 1528 saepe
585 1448 724 1510 derisum:
743 1448 793 1508 sed
817 1469 880 1531 ego

192 1528 279 1610 plani
294 1528 404 1590 vellem
419 1550 467 1590 me
487 1532 624 1592 arbitrum
637 1533 711 1590 inter
729 1532 879 1609 antiquam

194 1608 386 1672 Academiam
414 1611 446 1670 &
475 1609 626 1672 Zenonem
655 1609 762 1670 datum.
793 1609 879 1671 Αττ.

194 1689 268 1770 Quo
287 1690 404 1752 tandem
415 1689 484 1752 istuc
499 1690 616 1752 modo?
634 1689 680 1751 M.
695 1689 777 1769 Quia
789 1689 827 1750 de
845 1711 880 1752 re

193 1793 253 1834 una
277 1769 369 1832 solirm
390 1769 555 1845 dissident,
577 1771 614 1831 de
635 1774 737 1832 ceteris
758 1768 881 1832 mirifice

195 1870 367 1934 congruunt.
387 1851 468 1911 Αττ.
484 1850 551 1914 Ain'
569 1850 708 1912 tandem?
726 1870 820 1912 unane
838 1849 882 1912 est

196 1932 288 1992 solim]
309 1931 463 1994 dissensio?
483 1931 527 1991 M.
538 1929 615 2010 Quae
626 1931 743 2012 quidem
760 1931 797 1990 ad
816 1950 880 1991 rem

196 2014 360 2094 pertineat,
377 2033 449 2072 una:
463 2013 571 2092 quippe
587 2033 676 2094 quurn
692 2013 800 2092 antiqui
812 2033 880 2071 ont·

134 2093 139 2101 ⁸
196 2114 271 2166 nes,
293 2091 372 2174 quod
392 2091 547 2154 secundhm
564 2111 693 2154 naturam
709 2090 798 2165 esset,
819 2113 881 2173 quo

196 2171 362 2254 juvaremur
380 2176 409 2233 in
428 2177 489 2235 vita
507 2218 517 2246 ,
536 2173 646 2234 bonum
664 2171 719 2234 esse
740 2171 881 2233 decreve-

197 2258 273 2325 rint;
292 2255 356 2327 hic,
373 2256 428 2314 nisi
479 2255 520 2313 od
536 2253 686 2315 honeslum
702 2248 791 2324 esset,
809 2252 880 2312 nihil

197 2337 303 2416 putarit
312 2333 432 2394 bonurn.
475 2352 525 2394 rr.
536 2333 709 2414 Perparvam
721 2334 793 2392 vero
808 2354 882 2394 con·

197 2416 366 2476 troversiam
385 2413 477 2487 dicis,
496 2435 606 2474 aenon
627 2434 709 2483 earn,
748 2433 792 2472 uae
811 2413 882 2473 diri·

196 2514 257 2556 mat
276 2494 396 2556 omnia?
415 2494 460 2556 Μ.
475 2493 569 2554 Probe
590 2495 707 2575 quidem
726 2433 836 2568 lentis,
857 2497 883 2554 si

195 2597 246 2650 rc,
268 2597 300 2635 ac
313 2597 372 2635 non
384 2575 480 2636 verbis
498 2573 678 2637 dissiderent.
968 2645 969 2648 Ἰ

238 2655 321 2716 XXI.
338 2653 417 2716 Αττ.
436 2654 514 2738 Ergo
530 2652 665 2720 assentiris
677 2651 826 2714 Antiocho
840 2651 882 2714 sa·
968 2687 969 2710 1

197 2737 301 2799 miliari
318 2755 385 2796 meo
399 2735 412 2818 (
425 2733 557 2818 magistro
568 2738 646 2798 enim
657 2755 717 2796 non
732 2733 826 2792 audeo
840 2735 885 2794 di·
968 2735 969 2746 ¹

198 2837 265 2892 cere
280 2815 294 2900 )
312 2837 438 2900 quocum
457 2821 537 2892 vixi,
558 2817 590 2882 &
605 2818 654 2899 qui
666 2834 714 2876 me
727 2825 763 2878 ex
780 2809 884 2876 nostris
