1954 3604
205 215 366 287 men
392 231 677 286 sucumve.
716 237 796 310 207

109 328 247 414 quedam
268 329 421 388 hominum
445 347 553 412 genera
576 329 633 392 effe
655 333 795 394 consum·-

125 429 175 470 ta:
193 410 301 470 deinde
313 428 481 489 comparat,
495 413 604 491 quantit
621 413 716 493 plures
733 415 792 476 de-

104 431 159 552 leti
178 495 237 551 sint
249 491 385 550 homines
395 491 546 551 huminum
555 494 681 574 impetu,
693 493 792 570 idest,

104 572 212 648 bellis,
230 587 279 632 aut
295 569 503 648 seditionibus,
521 572 608 656 quim
625 578 706 637 omni
721 578 791 638 reti-

106 653 165 736 qub
185 651 362 712 calamitate.
383 698 387 708 ,

150 752 198 810 17.
222 731 258 812 Q
278 753 328 793 nm
343 735 429 814 igitur
442 731 490 792 hic
501 731 583 795 locus
600 731 671 794 nihil
684 733 792 796 babeat

100 811 318 888 dubitationis,
335 817 404 895 quin
418 812 552 878 homines
568 815 723 894 pluriminn
733 815 792 876 hoa

104 895 290 954 minibus&
330 897 422 954 insint
440 936 451 965 ,
471 893 505 952 &
522 895 620 954 obsint
632 914 647 968 ;·
664 899 791 975 primum
845 963 849 969 ,

106 973 163 1034 boc
184 971 279 1034 (lanio
329 976 472 1036 evirtutis
483 1017 493 1046 ,
504 977 655 1034 conciliate
677 979 792 1037 animos

105 1053 261 1116 hominum
271 1099 282 1130 ,
294 1055 327 1114 dt
342 1055 380 1114 ad
390 1052 454 1114 usus
467 1052 533 1114 snos
553 1051 790 1136 adjungemin-

105 1156 183 1216 que,
206 1155 270 1216 qnae
288 1137 423 1196 innebns
439 1136 595 1210 inanimis,
615 1155 736 1217 quaeque
757 1139 790 1197 in

105 1215 157 1276 usu
179 1214 395 1276 &nudatione
414 1215 574 1276 belluarum
592 1213 666 1277 fiunt
682 1213 793 1277 utiliter

108 1297 145 1356 ad
164 1297 318 1356 hominum
341 1300 457 1370 vitam,
473 1299 578 1356 artibus
598 1317 633 1357 ea
653 1297 790 1358 tribuun-

106 1393 151 1437 ntr
169 1381 304 1457 operosis
321 1397 332 1450 ;
354 1377 504 1437 hominum
523 1393 620 1438 autem
642 1375 732 1438 studia
748 1379 787 1439 ad

104 1457 364 1538 amplificationem
375 1456 533 1518 nostratum
543 1477 639 1518 terum
648 1475 790 1598 Frompta

104 1560 138 1598 ac
156 1556 274 1619 parata,
287 1541 417 1599 virorum
436 1537 630 1620 prestantium
660 1539 789 1620 apientid

104 1619 260 1680 &virtute
275 1623 444 1685 excitantur.
554 1620 557 1626 '

106 1763 109 1770 ,
149 1700 196 1760 18.
211 1699 330 1760 Etenim
339 1702 429 1762 virtut
445 1700 540 1763 omnis
552 1699 642 1760 tribus
654 1699 687 1756 in
699 1695 788 1758 rebus

7 1835 8 1860 1
106 1779 167 1840 sere
189 1783 331 1853 vertitut;
355 1800 475 1860 quatum
493 1800 549 1839 una
565 1776 606 1839 est
626 1781 658 1836 in
677 1775 787 1870 perspi-'-

7 1885 8 1918 i
106 1860 231 1936 ciendo,
254 1861 324 1942 quid
338 1863 366 1920 in
387 1879 501 1942 quaque
517 1879 548 1920 te
570 1878 673 1920 vetum
695 1876 789 1919 since-

7 1939 10 2000 ζ
105 1961 229 2024 tumque
248 1944 307 2014 sit,
326 1940 397 2023 quid
419 1938 643 2000 consentaneum
660 1938 788 2018 cuique,

7 2083 8 2092 ,
108 2023 176 2103 quid
197 2023 396 2104 consequens,
416 2040 453 2081 ex
466 2041 525 2102 quo
543 2019 673 2102 quidque
687 2021 789 2098 gigna-

7 2105 8 2132 ¹
103 2119 170 2178 tut,
185 2124 251 2185 quae
274 2100 409 2184 cujusque
422 2103 464 2162 tei
480 2099 562 2160 causa
579 2103 633 2160 sit:
647 2098 789 2172 alterurn,

107 2185 246 2245 cohibere
277 2200 373 2244 motus
405 2185 492 2242 animi
523 2181 684 2253 turbatos,
713 2199 788 2260 quos

105 2261 206 2324 Gtaeci
231 2265 301 2331 xdie
321 2264 492 2334 nominant,
515 2259 789 2344 appetitionesque‚

107 2363 177 2424 quas
198 2345 240 2404 illi
258 2345 360 2422 inple,
377 2343 553 2404 obedientes.
567 2339 681 2402 efficere
700 2340 789 2401 ratio-

105 2427 154 2484 ni:
168 2427 304 2496 tertium,
315 2427 368 2499 iis,
385 2423 552 2505 quibuscum
565 2441 790 2504 congregantur,

7 2561 8 2576 ,
109 2509 148 2565 nti
167 2503 317 2566 moderate
337 2549 350 2580 ,
370 2503 402 2563 ἃ
420 2503 563 2576 scienter,
582 2522 705 2584 quorum
726 2497 792 2576 stu·

7 2591 9 2618 ‘
111 2585 163 2645 diis
186 2606 240 2658 ea,
265 2605 328 2665 quae
349 2603 449 2644 natura
469 2583 632 2658 desiderat,
652 2582 791 2664 expleta,

113 2667 309 2746 cumulataque
327 2664 482 2726 babeamus
492 2685 504 2739 ·,
514 2685 567 2746 pet
579 2684 630 2724 eos
647 2664 791 2804 denitffim

112 2747 139 2806 ti
166 2747 237 2828 quid
265 2748 437 2829 imponetur
461 2745 547 2809 nobis
574 2746 752 2808 incemmo’
780 2786 794 2818 ,
820 2815 823 2820 ,
