1954 3604
238 271 393 339 Lmen
425 273 645 339 fumus(
702 289 772 362 ¹73

93 383 237 458 Virtutis,
254 399 349 442 utram
367 384 477 466 ingredi
495 386 598 446 melius
614 383 699 458 esset-3
720 385 777 446 hoe

94 465 214 526 Herculi
223 473 236 538 ,'
250 463 332 524 Iovis
352 464 412 524 satu
430 465 528 540 edito,
545 469 640 545 potuit
662 463 777 527 fortas&

95 549 263 626 contingere
279 564 289 617 ;
312 545 398 604 no'bis
417 566 482 604 -non
498 547 568 606 item
586 592 595 621 ,
614 548 663 627 qui
684 549 780 606 imita-

95 647 185 700 mur,
208 645 282 704 quos
303 628 407 706 cuique
430 625 521 686 visum
542 624 607 697 est,
631 644 717 706 atque
742 626 780 685 ad

95 726 197 766 eorum
229 703 320 764 studia
354 704 533 787 institutaque
566 707 741 786 impellimur
767 725 779 766 ·:

94 787 228 867 plerique
251 803 347 846 autent
375 803 526 866 parentum
547 789 697 866 praeceptis
719 790 781 847 im-

94 867 178 940 buti,
203 863 240 924 ad
261 885 363 925 eorum
387 865 624 926 consuetudinem
647 875 780 942 motem·

136 967 153 1006 e
174 945 370 1005 deducimur':
392 947 439 1006 alii
459 946 647 1005 multitudinis
671 944 780 1021 judicio

95 969 246 1099 aluntur,
267 1045 386 1106 quaeque
406 1023 509 1106 majori
532 1028 605 1105 parti
623 1025 782 1105 pulcherri-

96 1129 146 1166 ma
165 1105 321 1178 videntur,
339 1125 373 1166 ea
387 1107 514 1166 maxime
530 1123 669 1186 exoptant
682 1127 689 1164 :
702 1127 781 1166 non-

95 1187 168 1247 nulli
191 1204 290 1246 tamen
311 1188 372 1247 sive
392 1185 527 1247 felicitate
548 1186 672 1267 quadam
690 1231 700 1261 ‚
719 1189 782 1247 sive

96 1267 230 1329 bonitate
240 1283 366 1339 naturae,
381 1269 441 1342 siue
454 1283 605 1347 parentum
616 1266 782 1347 disciplina,
876 1305 878 1308 -

100 1346 212 1409 retiam
227 1348 296 1405 vitae
311 1345 399 1406 secuti
414 1346 476 1406 sunt
493 1350 580 1408 viam.

87 1453 94 1462 ⁴
137 1423 284 1486 XXXIII.
311 1424 386 1486 Illud
413 1445 509 1487 autem
532 1429 661 1487 maxime
685 1447 781 1488 tantm

95 1527 189 1589 genus
208 1504 251 1566 est
268 1526 399 1581 eorum,
437 1511 467 1568 ui
486 1525 534 1568 aut
553 1507 713 1568 excellente
738 1509 785 1566 in-

97 1590 177 1668 genii
195 1587 413 1667 magnitudine,
431 1605 479 1648 aut
490 1587 625 1667 praeclard
637 1585 781 1646 eruditio·

10 1669 11 1748 j
96 1687 135 1727 ne
159 1685 250 1746 atque
273 1665 422 1741 dotrina,
441 1685 490 1728 aut
507 1669 627 1748 utrique
645 1685 676 1725 re
698 1686 785 1725 orna·

97 1748 140 1820 ti,
158 1746 284 1827 spatium
304 1749 392 1807 etiam
409 1747 585 1810 deliberandi
602 1741 783 1819 habuerunt,

99 1842 189 1906 quem
212 1828 399 1904 potissimum
414 1831 481 1888 vitae
498 1827 609 1888 tursum
622 1825 702 1907 sequi
717 1825 787 1885 vel-

99 1905 179 1980 lent3
197 1907 229 1964 in
248 1925 306 1986 qua
321 1905 526 1969 deliberatione
545 1908 582 1968 ad
595 1905 673 1966 suam
691 1902 787 1984 cujus-

100 2006 156 2067 que
184 2002 318 2045 naturam
341 1989 495 2049 consilium
519 1987 560 2048 est
583 2005 670 2046 omne
698 2006 786 2046 revo-
845 2021 847 2028 ,

10 2059 12 2096 ἶ
100 2067 238 2126 candum.
271 2064 347 2124 Nam
375 2089 477 2147 quum·
496 2070 526 2127 in
556 2067 691 2130 omnibus
722 2087 788 2146 quae

10 2173 12 2212 ι
100 2168 116 2204 a
155 2163 247 2216 ntur,
261 2165 297 2204 ex
307 2159 353 2206 'eo
364 2149 475 2221 modo,
490 2169 549 2228 quo
567 2145 685 2227 quisque
703 2163 785 2207 natus

101 2244 119 2285 e
151 2271 162 2299 ,
179 2242 212 2286 ut
231 2223 314 2304 suprd
332 2225 437 2287 distum
457 2226 518 2300 est,
533 2228 602 2308 quid
615 2226 716 2294 deceat
733 2245 785 2286 ex-

10 2353 11 2372 t
103 2308 261 2386 quirimus3
277 2321 340 2365 tutn
353 2311 382 2366 in
401 2325 462 2368 tota
483 2311 544 2368 vita
567 2305 785 2380 constituenda,

101 2385 197 2446 multi>
215 2383 257 2447 est
273 2389 301 2446 ei
311 2389 353 2446 rei
364 2382 437 2448 'cura
447 2387 540 2465 major
555 2386 739 2459 adhibenda,
755 2406 787 2449 ut

10 2479 11 2548 ᾗ
102 2465 232 2526 constare
262 2467 292 2524 in
318 2469 386 2528 vitae
418 2470 608 2548 perpetuitate
641 2469 784 2546 possimus

10 2593 12 2612 t
103 2547 252 2684 ghismet
267 2547 337 2626 ipsis
348 2567 430 2622 ,nec
447 2551 478 2608 in
495 2548 555 2608 ullo
579 2545 675 2631 officio
703 2548 786 2610 clau-

10 2649 12 2666 ν
137 2645 211 2686 cate.

96 2731 99 2738 ¹
150 2723 215 2765 120.
231 2703 282 2765 Ad
298 2706 370 2766 hanc
384 2723 481 2766 autem
494 2711 634 2768 rationem
648 2710 787 2788 quoniam

102 2787 262 2846 maximam
296 2789 359 2850 vinu
386 2802 487 2860 nature
517 2789 640 2926 habetH,
659 2787 788 2880 nlo'ttuna

658 2885 687 2944 ιι]

795 3161 966 3548 ,l
