1956 3614
176 281 230 361 '14
311 267 389 335 Dr
423 275 688 343 neruus,

175 401 237 444 non
255 380 386 462 prober,
407 375 443 438 a'b
460 395 498 438 eo
516 377 600 438 nobis
619 375 700 438 causa
719 375 861 438 ordienda

176 461 218 524 est
233 461 428 545 potissimum.
446 457 526 518 Απ.
543 457 596 518 Do
614 459 696 533 sane,
714 461 738 518 si
760 456 860 538 postud

175 543 240 604 las:
266 543 374 603 etenim
396 553 515 622 propter
532 539 607 598 hune
629 557 802 600 concentum
826 560 862 598 a·

174 626 274 696 vium,
287 619 496 702 strepitumque
503 621 653 680 fluminum
663 663 673 693 ,
684 640 744 680 non
753 637 863 682 vereor

176 701 438 782 condiscipulorum
450 717 487 762 tre
521 705 564 762 uis
579 701 720 762 exaudiat.
737 695 782 760 Μ.
799 698 862 760 At-

177 787 228 868 qui
246 783 408 845 cavendum
425 781 485 842 est:
501 723 597 842 dolent
614 785 713 855 enirn,
733 781 764 841 id
781 779 863 862 quod

176 869 306 928 virorum
330 865 475 926 bonorum
492 859 534 922 est
550 905 560 936 ,
577 862 736 923 admodum
755 859 836 930 irasci
853 881 869 920 τ

178 945 315 1012 uetuerit
326 943 420 1006 ferent
429 945 470 1020 ,si
480 943 621 1020 audierint
628 986 637 1018 ,
644 961 674 1004 te
684 945 808 1022 primum
816 959 865 1002 ca·

179 1046 233 1111 put
247 1029 302 1088 viri
313 1027 418 1107 optimi
427 1021 601 1106 prodidiffe3
620 1027 650 1084 in
660 1045 718 1105 quo
731 1021 863 1118 scripsit,

178 1109 265 1172 Nihil
276 1129 369 1168 curare
387 1109 482 1181 deum,
503 1127 552 1165 nec
562 1105 610 1186 sui
616 1149 629 1178 ,
645 1125 694 1164 nec
712 1100 808 1164 aliem.

184 1221 190 1230 ·
223 1227 270 1267 22.
286 1204 364 1266 Art.
376 1199 487 1286 Perge,
521 1201 614 1278 uaeso,
631 1225 698 1265 nam
718 1204 769 1278 id',
822 1201 866 1266 >od

179 1286 232 1348 tibi
253 1285 405 1360 concessi,
419 1301 477 1366 quo
505 1305 554 1344 um
566 1287 726 1364 pertineat,
747 1301 784 1346 ex
796 1305 869 1364 pec·

180 1381 222 1428 to.
248 1367 293 1428 Μ.
313 1365 382 1427 Non
409 1357 514 1424 faciam
536 1363 676 1448 longiis:
704 1366 760 1426 huc
786 1368 867 1428 enim

176 1451 332 1529 pertinet,
353 1443 457 1506 animal
477 1446 534 1508 hoc
554 1447 734 1528 providum,
755 1445 838 1528 sagax
855 1491 869 1520 ,

181 1528 353 1615 multiplex,
373 1543 509 1602 acutum,
523 1544 656 1602 memor,
677 1528 796 1608 plenum
816 1549 868 1588 ra-

180 1611 268 1670 tionis
289 1609 321 1668 &
341 1607 474 1682 consilii,
514 1626 583 1668 uem
602 1628 742 1668 vocamus
762 1607 869 1670 Homi-

182 1711 263 1764 nem,
284 1685 419 1771 praeclari
440 1627 564 1770 quedam
585 1689 754 1750 conditione
773 1708 868 1770 gene-

182 1783 276 1831 ratum
287 1765 343 1830 eise
357 1791 374 1828 a
387 1767 521 1850 supremo
536 1763 605 1830 Deo
616 1789 623 1827 :
634 1769 726 1829 solum
736 1766 776 1829 eii
789 1772 869 1828 enim

184 1865 222 1911 ex
241 1868 286 1913 tot
303 1851 489 1912 animantium
506 1849 658 1931 generibus
678 1865 764 1947 atque
785 1867 870 1910 natu-

182 1935 255 2006 ris,
284 1932 427 2012 particeps
456 1931 574 1990 rationis
599 1929 632 1992 &
661 1932 870 2014 cognationis,

183 2028 276 2094 quum
303 2026 398 2072 cetera
417 2012 473 2070 sint
493 2013 592 2070 omnia
617 2014 755 2091 expertia.
784 2009 872 2088 Quid

185 2089 227 2154 est
246 2109 361 2167 autem,
380 2109 441 2150 non
454 2091 549 2150 dicam
568 2094 598 2151 in
609 2090 749 2167 homine,
770 2087 819 2152 sed
839 2094 872 2151 in

186 2178 268 2237 omni
288 2174 364 2234 coelo
386 2188 472 2254 atque
486 2169 704 2248 terri,ratione
724 2171 874 2237 divinius?

188 2267 253 2336 quae
278 2267 368 2334 quum
388 2249 516 2314 adolevit
536 2267 621 2334 atque
648 2251 774 2334 perfecta
801 2247 873 2328 est,

186 2336 351 2396 nominatur
370 2335 422 2392 rite
436 2332 589 2414 Sapientia.
735 2371 738 2376 -

192 2505 197 2512 ¹
230 2451 277 2514 23.
298 2429 346 2496 Est
365 2432 450 2517 igitur
463 2430 477 2515 (
490 2439 628 2516 quoniam
639 2435 709 2496 nihil
720 2433 761 2498 est
778 2436 874 2496 ratio·-

187 2535 226 2576 ne
254 2517 386 2590 melius,
406 2516 547 2598 eaque&
567 2519 597 2576 in
615 2517 763 2589 homine,
784 2515 816 2576 δε
841 2519 873 2580 iu

188 2595 276 2678 deo)
297 2599 390 2676 prima
409 2595 520 2656 homini
532 2618 598 2658 cum
615 2597 672 2660 deo
689 2599 807 2658 rationis
825 2594 875 2658 so·

190 2679 288 2738 cieras.
308 2675 385 2738 Inter
426 2700 478 2738 uos
491 2694 587 2738 autem
601 2681 673 2739 ratio
684 2719 693 2751 ‚
706 2681 780 2738 inter
800 2697 875 2738 eos-

108 2779 109 2783 *
190 2756 258 2820 dem
276 2760 365 2820 etiam
376 2700 451 2820 tedia
461 2761 534 2822 ratio
548 2761 708 2821 communis
724 2756 774 2820 est.
791 2755 876 2844 'Quae
