1954 3604
200 271 280 363 '¹⁶4
349 270 424 340 Dr
455 285 714 358 orrrcrrr,

200 399 234 444 ut
260 386 404 464 appetitus
426 385 531 444 rationi
558 383 722 458 obediant,
758 401 884 466 eamque

200 481 296 544 neque
313 482 504 544 praecurrant,
516 481 572 522 nec
585 481 706 544 propter
720 466 882 546 pigritiam,

201 561 250 612 aut
267 545 412 626 ignaviam
428 541 576 615 deserant;
594 545 708 625 sintque
719 545 886 624 tranquilli,

202 640 288 703 atque
309 628 391 685 omni
414 623 629 706 perturbatione
652 627 740 686 animi
759 643 887 686 caream·

202 699 246 762 Ex
268 724 326 784 quo
348 705 475 765 elucebit
497 705 591 763 omnis
610 703 796 778 constantia,
818 725 884 764 om-

201 781 301 864 nisque
320 785 502 845 moderatio:
518 802 586 843 nam
599 786 649 864 qui
663 786 808 864 apperitus
819 785 885 845 lon·

201 865 264 944 glirs
283 883 467 960 evagantur,
489 863 684 944 &tamquam
708 861 883 924 exsultanter

201 945 265 1004 rive
283 945 452 1026 cupiendo,
471 945 533 1003 sive
552 943 713 1024 fugiendo,
733 963 796 1002 non
817 943 881 1004 satis

202 1026 345 1090 aratione
364 1027 541 1097 retinentur,
558 1022 589 1081 hi
605 1026 666 1084 sine
686 1023 777 1083 dubio
792 1021 883 1084 finem

204 1103 237 1162 de
255 1106 375 1164 modum
393 1101 554 1166 transeunt:
572 1103 737 1185 relinquunt
753 1104 832 1163 enirn
852 1104 884 1163 &

203 1179 339 1260 abiiciunt
366 1184 593 1258 obedientiam,
618 1203 673 1244 nec
696 1185 800 1243 rationi
826 1205 884 1263 pa-

202 1280 287 1337 rent,
303 1266 349 1324 cui
365 1264 429 1325 sunt
440 1261 555 1341 subiere
570 1262 635 1346 lege
649 1281 771 1324 nature:
784 1285 801 1322 a
819 1266 887 1344 quia

192 1339 257 1402 ,bur
280 1365 341 1404 non
360 1343 560 1406 nrodnanlmi
583 1343 807 1423 perturbantur,
832 1343 888 1404 sed

203 1423 291 1482 etiam
307 1445 441 1504 corpora.
459 1424 542 1484 Licet
552 1445 604 1484 ora
617 1423 677 1504 ipsa
694 1443 813 1485 cernere
828 1425 889 1484 ira-

203 1517 324 1578 torum,
347 1522 396 1565 aut
415 1523 541 1577 eorum,
558 1507 607 1583 qui
627 1522 676 1564 aut
693 1504 812 1564 libidine
828 1504 886 1563 ali-

205 1581 282 1662 qui,
299 1601 347 1644 aut
364 1603 444 1645 metu
459 1586 599 1644 commoti
616 1582 696 1657 sunt,
712 1601 761 1644 aut
776 1583 889 1664 volup·

204 1675 265 1723 tnte
276 1664 366 1724 nimii
377 1663 515 1747 gestiunt·;
552 1665 657 1724 uo'mm
672 1665 804 1724 omnium
819 1665 888 1724 vul·

205 1757 270 1818 tus,
286 1765 395 1818 voces,
412 1761 525 1816 motus,
538 1787 540 1794 ι
582 1743 682 1825 nisque
694 1760 852 1806 mutantur.

251 1843 317 1904 103.
338 1823 381 1884 Ex
395 1825 497 1906 quibus
514 1823 584 1883 illud
596 1825 765 1906 intelligitur
778 1822 792 1906 (
807 1841 840 1885 ut
849 1825 887 1887 ad

206 1901 295 1964 officii
312 1903 435 1964 formam
445 1905 645 1986 revertamur)
664 1907 808 1985 appetitus
822 1921 888 1965 om·

205 2003 257 2046 nes
282 1983 494 2045 contrahendos
513 1983 736 2066 sedandosque,
755 1987 890 2046 excitari«

206 2063 331 2146 dantque
349 2065 628 2126 animadversionem
645 2065 678 2126 δι
693 2065 889 2149 diligentiam,

205 2163 239 2204 ut
260 2166 298 2207 ne
321 2146 391 2228 quid
413 2147 522 2206 temere
541 2163 575 2204 ae
599 2143 736 2220 fornum,
757 2148 888 2207 inconsi-

206 2223 334 2299 derate,
363 2226 600 2307 negligenterque
625 2245 751 2307 agamus.
779 2223 889 2308 Neque

206 2305 343 2366 enimin
360 2309 488 2386 generati
504 2327 520 2364 a
537 2323 636 2366 natura
654 2304 774 2379 sumus,
795 2325 829 2368 ut
848 2306 891 2378 acl

204 2381 305 2442 ludum
324 2384 356 2444 δι
375 2383 473 2464 jocum
489 2384 554 2446 fatti
573 2383 630 2448 elle
646 2385 815 2460 videamur3
833 2385 891 2448 sed,

204 2462 243 2522 ad
257 2461 438 2526 severitatem
451 2468 569 2547 potibs,
581 2467 613 2525 δι
626 2466 665 2525 ad
762 2485 810 2526 arn
826 2465 889 2528 stu-

207 2541 257 2602 dia
278 2549 410 2624 graviora
432 2565 516 2628 arque
538 2545 656 2625 majora.
702 2547 762 2607 udo
788 2564 889 2608 autem

206 2621 242 2680 δι
265 2619 334 2700 joco
353 2628 395 2688 uti
415 2626 466 2686 illo
491 2627 611 2708 quidem
626 2627 715 2699 lieet3
735 2625 784 2687 sed
809 2630 891 2691 sicut

207 2698 311 2764 somno
334 2706 365 2765 δι
389 2707 532 2788 quietibus
555 2709 656 2768 ceteris
679 2751 689 2778 ,
710 2724 774 2766 tum
796 2727 889 2788 quum

207 2783 341 2866 gravibus
350 2787 486 2870 seriisque
500 2789 586 2850 rebus
602 2785 828 2864 satisfecerimus.
838 2786 890 2871 lp.
