1928 3602
8 258 17 298 l

217 250 376 318 [ιω
403 259 613 316 utimur.
680 240 749 318 12'1

76 385 128 456 que
143 363 257 440 temard
273 361 470 433 assentiamur3
490 361 571 441 quod
584 357 686 421 vitium
708 359 752 421 ef-

77 451 170 517 luuare
196 446 249 524 qui
280 443 374 520 volet¹
394 441 408 524 (
425 459 527 500 onmes
554 457 648 500 autem
674 439 752 504 velle

78 517 209 604 dehent)
237 521 384 583 adhibebit
404 521 440 580 ad
466 519 686 582 considerandas
707 541 753 581 res

79 605 107 664 dt
124 623 260 683 tempus,
275 601 504 684 &diligentiam

117 701 161 755 ις.
183 684 317 744 Alterum
334 679 377 741 est
394 684 521 751 vitium,
542 677 620 762 quod
638 677 755 760 quidam

76 766 156 826 trimis
175 783 313 844 maguum
330 760 473 834 studium,
488 759 665 840 multamque
680 780 756 841 ope-

76 863 131 904 ram
147 848 177 904 in
191 862 236 902 res
256 841 387 901 obscuras
406 859 492 922 atque
507 837 636 901 difficiles
654 839 756 901 confe-

76 939 155 996 mm,
172 921 347 1001 easdemque
367 941 427 980 non
446 917 621 980 necessarias.
640 917 755 998 Quibus

75 1006 148 1064 vitiis
173 1002 349 1072 declinatis,
379 999 458 1080 quod
478 1001 508 1057 in
530 998 612 1058 rebus
633 997 758 1061 honestis

76 1083 293 1162 &sognitione
318 1080 411 1162 dignis
431 1098 529 1158 opera
551 1099 623 1138 curae
664 1095 680 1139 e
701 1099 758 1158 po-

77 1179 175 1233 natur,
199 1161 232 1220 id
249 1157 309 1236 jure
324 1158 498 1219 laudabitur:
509 1173 540 1217 ut
556 1160 586 1217 in
606 1181 621 1216 a
646 1157 758 1242 rologia

77 1237 112 1302 C.
138 1240 298 1319 Sulpicium
322 1239 481 1300 audivimus
502 1255 512 1310 ;
537 1239 566 1298 in
596 1243 755 1319 geometria

75 1320 138 1382 Sex.
156 1317 330 1399 Pompeium
348 1321 402 1398 ipsi
422 1320 632 1400 cognovimus3
649 1319 755 1380 multos

71 1402 100 1460 in
122 1399 299 1470 maledicis,
320 1399 416 1478 plures
435 1399 465 1456 in
487 1395 546 1457 'ure
567 1399 667 1458 civili:
690 1419 754 1538 γε

71 1501 174 1540 omnes
193 1481 312 1539 anesin
329 1481 392 1538 veri
409 1481 475 1537 inve
501 1479 623 1558 'gatione
640 1497 689 1538 ver
702 1501 754 1540 an·

70 1578 132 1620 tur:
151 1556 233 1635 cujus
244 1557 336 1618 studio
348 1580 365 1618 a
379 1558 463 1616 rebus
482 1557 613 1638 gerendis
630 1559 753 1634 abduci,

71 1657 172 1700 contra
184 1637 311 1698 officium
322 1637 372 1696 est.
395 1637 512 1696 Virtutis
526 1639 603 1696 enim
615 1637 674 1698 laus
687 1659 753 1696 otn-

71 1723 113 1779 nis
135 1722 166 1778 in
178 1717 289 1778 afflone
308 1714 449 1776 consistit:
469 1738 552 1796 aqua
567 1734 664 1776 tamen
679 1716 751 1858 [Ἲς

72 1797 102 1859 fit
121 1801 317 1869 intermissi03
335 1796 473 1877 multique
495 1797 596 1856 dantur
612 1796 648 1856 ad
664 1794 705 1855 stu
727 1802 754 1858 ia

72 1879 197 1948 reditus:
218 1895 281 1938 tum
301 1879 415 1958 agitatio
440 1880 565 1948 mentis,
606 1897 648 1935 uae
667 1897 753 1936 num-

72 1977 158 2036 quam
178 1955 348 2036 acquiescit,
366 1953 459 2036 potest
473 1977 526 2016 nos
544 1958 574 2014 in
635 1957 687 2016 diis
702 1977 753 2018 co-

71 2041 208 2118 gnitionis
222 2040 309 2098 etiam
326 2039 387 2096 sine
404 2056 493 2115 opera
508 2035 602 2096 nostra
620 2038 752 2097 contine·

9 2133 10 2190 j
72 2137 111 2176 re.
134 2117 244 2177 Omnis
262 2133 357 2175 autem
376 2118 512 2197 cogitatio
528 2113 677 2195 motusque
690 2119 752 2177 ani-

9 2205 10 2280 3
73 2199 140 2267 mi,
164 2200 262 2256 autin
285 2194 409 2256 consiliis
432 2195 578 2274 capiendis
602 2193 638 2254 de
665 2196 750 2259 rebus

73 2273 218 2349 honestis,
234 2276 265 2336 δι
282 2275 487 2354 pertinentibus
505 2276 541 2335 ad
559 2276 633 2335 bene
650 2275 749 2338 beard-

74 2375 128 2436 que
144 2355 326 2428 vivendum,
339 2357 428 2414 autin
437 2352 533 2414 studiis
545 2354 683 2430 scientiae,
700 2379 751 2418 co·

9 2497 10 2514 ;
74 2434 264 2574 {sermonisque
284 2433 419 2495 versatur.
444 2434 488 2493 Ac
510 2435 659 2516 deprimo
680 2441 750 2518 qui..

9 2857 14 2984 Ι

110 2535 140 2574 m
157 2513 247 2575 officii
262 2513 343 2574 fonte
360 2514 494 2574 diximus.

111 2593 183 2656 v11.
202 2593 252 2656 De
267 2595 356 2654 tribus
372 2611 468 2655 autem
485 2596 600 2676 reliquis
614 2594 749 2658 latissimd

9 2707 11 2742 2
76 2691 153 2752 patet
169 2695 205 2735 ea
215 2675 309 2747 ratio,
326 2674 384 2754 qud
402 2673 520 2736 societas
537 2677 687 2736 hominum
704 2681 750 2736 in-

79 2769 118 2814 ter
136 2753 235 2834 ipsos,
250 2753 282 2814 δι
295 2756 361 2815 vitae
375 2758 456 2836 quasi
471 2759 660 2818 communitas
677 2779 749 2818 cou-

117 2838 216 2896 Tomus
240 2839 276 2896 Χ
627 2835 649 2892 F
