1956 3614
202 253 365 348 Lrnnn
401 261 609 324 enimus.
690 260 743 346 ny

62 387 109 431 mr
127 386 187 430 non
206 367 359 442 sanciunt,
380 386 432 444 ut,
455 390 519 451 quae
541 369 616 428 mala
638 371 741 449 perni-

64 449 187 531 ,ciosaque
205 449 291 524 sunt,
312 448 469 510 habeantur
478 471 532 530 pro
546 450 630 510 bonis
643 469 676 508 ac
697 448 742 510 sa·

66 531 191 591 lutaribus
212 529 223 590 ἔ
246 548 387 603 auteur,
407 549 496 611 quum
518 527 561 607 jus
584 549 622 589 ex
639 527 743 606 injuria

70 609 112 680 tex
133 610 225 671 facere
249 611 363 690 possit,
387 609 498 670 bonum
515 610 619 670 eadem
646 607 742 670 facere

68 709 122 749 non
135 693 226 772 possit
243 709 281 750 ex
294 687 393 750 maloi
405 689 496 772 Atqui
509 712 562 750 nos
574 690 670 772 legem
687 691 744 750 bo·

67 791 129 830 nam
147 793 164 832 a
183 770 259 832 mala
270 815 279 842 ‚
292 769 371 830 nulli
383 770 438 829 alit
448 773 506 830 nisi
517 789 624 832 naturae
641 771 745 848 dormi

67 849 191 912 dividere
213 847 369 929 poffumus.
392 847 455 910 Nec
470 848 561 910 solum
585 847 629 929 jus
649 849 681 908 &
700 852 746 909 in·

66 927 136 1008 iuria
160 953 177 989 a
198 948 296 992 natura
316 929 533 1008 dijudicantur,
552 927 604 990 sed
625 932 747 990 omnino

66 1013 164 1071 omnia
180 1009 297 1070 honesta
310 1027 342 1069 ae
358 1013 473 1090 turpia·,
484 1029 552 1068 nam
571 1010 602 1068 ὃ(
618 1030 751 1070 commu·

66 1091 110 1161 nis
121 1090 307 1172 intelligentia
317 1090 401 1150 nobis
416 1107 499 1150 notas
512 1109 557 1150 res
569 1087 657 1150 efficit
679 1109 749 1166 eas,

65 1191 137 1250 quas
158 1173 188 1230 in
212 1172 314 1231 animis
331 1167 432 1230 nostris
451 1169 597 1230 inchoavit
608 1177 670 1243 ‚⁴ut
689 1169 750 1230 ho·

72 1248 146 1313 nesta
164 1253 194 1310 in
214 1252 320 1311 virtute
332 1267 495 1330 ponantur,
512 1251 542 1310 in
556 1253 633 1311 viriis
646 1252 749 1331 turpia.

108 1349 156 1413 45.
181 1330 254 1390 Haec
264 1348 368 1394 ,autem
380 1332 408 1389 in
421 1333 558 1410 opinione
570 1329 749 1407 existimare,

65 1431 126 1472 non
145 1413 176 1470 in
187 1411 291 1472 naturit
306 1411 422 1490 pdsita,
440 1410 583 1471 dementis
596 1407 647 1471 est.
672 1409 750 1472 Nam

67 1511 121 1552 nec
139 1491 269 1564 arboris,
287 1511 341 1550 nec
360 1492 431 1571 equi
450 1493 540 1551 virtus
563 1511 627 1570 quae
647 1491 750 1552 dicitur

64 1571 124 1653 (in
145 1593 205 1652 quo
224 1571 366 1632 abutimur
381 1571 532 1653 nomine)
554 1572 583 1630 in
611 1573 751 1652 opinione

67 1654 122 1712 sita
148 1649 189 1711 est
206 1695 216 1724 ‚
237 1649 286 1711 sed
305 1652 335 1710 in
351 1668 459 1712 natura.
481 1651 575 1731 Quod
592 1653 615 1710 si
634 1653 671 1710 ita
691 1649 751 1724 est;

64 1729 187 1792 honesta
205 1751 323 1812 quoque
336 1730 377 1790 ·&
397 1733 490 1811 turpia
516 1731 617 1792 naturi
641 1727 752 1809 dijudi-

69 1812 162 1875 canda
177 1809 249 1872 sunt.
268 1809 345 1870 Nam
357 1812 380 1870 si
396 1814 534 1890 opinione
548 1810 679 1872 uniuersa
695 1813 755 1870 vir-

67 1911 113 1954 tus
132 1936 142 1965 ,
166 1891 270 1952 eidem
289 1889 350 1969 ejus
367 1893 455 1952 etiam
474 1911 568 1972 partes
593 1893 753 1972 probaren-

68 1991 124 2034 tur.
146 1969 226 2050 Quis
243 1973 327 2054 igitur
342 1972 533 2051 prudentem,
549 1973 598 2045 δι,
614 1989 646 2031 ut
656 1975 695 2032 ita
708 1971 754 2031 di·

66 2073 155 2126 tam,
176 2068 290 2126 catum,
309 2073 369 2112 non
392 2072 428 2112 ex
449 2055 537 2132 ipsius
559 2052 674 2125 habitu,
704 2049 755 2111 sed

64 2154 104 2195 ex
128 2133 228 2215 aliqua
254 2151 285 2191 re
308 2148 427 2192 externa
448 2130 584 2210 judicet?
607 2129 653 2188 Est
676 2133 755 2189 enim

59 2217 161 2275 uirtus
182 2209 309 2293 perfetia
324 2213 416 2282 rati03
433 2212 513 2292 quod
531 2211 607 2272 certe
625 2213 655 2270 in
672 2227 756 2270 natu·

66 2316 99 2356 ra
113 2290 175 2354 est:
189 2295 199 2352 i
220 2295 275 2352 itur
287 2293 380 2352 omnis
394 2289 524 2352 honestas
536 2291 642 2352 eodem
654 2291 756 2352 modo.

108 2372 175 2432 XV
177 2313 219 2435 lg
231 2370 308 2430 Nam
324 2388 356 2434 ut
373 2391 444 2432 vera
459 2373 490 2434 &
504 2371 593 2446 frisa,
606 2388 639 2431 ut
656 2370 757 2432 conse·

66 2455 193 2534 quentia
214 2451 246 2512 &
263 2453 424 2525 contraria,
443 2451 492 2514 sud
508 2450 630 2533 sponte,
650 2473 709 2512 non
725 2473 756 2512 a·

66 2533 148 2594 lieni
170 2530 331 2611 iudicantur
346 2553 355 2606 ;
368 2534 410 2590 sic
427 2531 557 2594 constans
572 2533 757 2612 &perpetua

67 2616 147 2674 tario
164 2615 233 2674 vitae
250 2657 260 2686 ‚
280 2633 344 2692 quae
367 2609 409 2674 est
425 2615 514 2674 virtus
532 2658 541 2687 ‚
560 2613 689 2694 itemque
706 2618 756 2672 in-

57 2691 260 2766 .tonstantia,
284 2691 365 2774 quod
380 2689 422 2752 est
439 2697 541 2755 vitium
562 2738 571 2767 ,
591 2691 640 2754 sui
659 2693 759 2757 natant

57 2774 222 2855 ,probatum
238 2771 302 2842 Nos
317 2773 433 2856 ingenia
444 2770 587 2913 'juvenutfir
598 2775 698 2862 natur&
714 2773 761 2854 ju·¹

607 2875 628 2934 ¹1
