1956 3614
212 318 356 388 errn
390 335 601 390 unimur.
681 335 727 412 31

103 426 134 486 tiis
152 424 263 493 facillimi
285 435 392 514 percipi
416 431 535 516 potest:
560 432 630 516 quid
654 435 734 494 eninr

102 505 177 570 irdiur
194 517 316 588 avaritii,
339 515 409 596 quid
426 517 578 576 immanius
595 514 734 588 libidine,

104 589 147 666 quid
161 598 331 675 contemptius
347 594 521 669 timiditate,
544 597 618 677 quid'
632 591 735 672 abjec-

102 669 135 729 tius
150 672 260 735 tarditate
278 677 308 735 &
317 673 435 737 stultitia
447 678 504 736 dici
515 673 630 756 potest?
649 673 737 754 Quid

99 750 161 831 ergo?
178 773 246 830 eos,
263 760 310 838 qui
332 757 452 841 singulis
464 760 541 817 vitiis
564 755 735 830 excellunt,

98 834 213 894 autetiam
230 838 379 918 pluribus,
399 856 519 919 propter
541 838 666 911 damna,
685 854 735 898 aur

97 909 247 991 detrimenta,
268 937 316 980 aut
335 921 477 980 cruciatus
490 919 623 1000 aliquos,
644 916 736 977 mise·

97 991 177 1055 nesse
192 997 326 1072 dicimus,
345 1021 381 1058 an
398 1015 519 1082 propter
534 1001 596 1059 vim
609 999 738 1078 turpitu-

95 1068 211 1164 dinemque
220 1078 377 1140 vitiorum?
396 1079 477 1160 quod·
492 1081 561 1139 item
576 1079 613 1138 ad
622 1093 739 1139 contra·

95 1172 139 1212 nan
153 1156 257 1219 laudem
271 1163 300 1220 in
318 1161 424 1222 virtute
440 1161 495 1219 dici
508 1157 614 1242 potest.

119 1252 153 1314 52.
171 1236 338 1316 Postremo,
352 1243 376 1299 si
391 1261 445 1323 pro
468 1258 513 1302 ter
530 1241 598 1303 alias
616 1258 662 1300 res
675 1239 739 1300 vir·

95 1322 277 1397 ampetitur,
297 1321 399 1382 melius
419 1340 435 1382 e
459 1343 475 1382 e
495 1321 628 1403 aliquid,
648 1319 737 1400 quim

93 1395 209 1474 vitiem,
225 1401 337 1464 necesse
351 1399 399 1461 est.
422 1402 613 1463 Pecuniamne
632 1400 739 1483 igitur?

90 1478 241 1543 inhonores
262 1482 273 1542 ?
301 1505 337 1542 an
356 1480 508 1542 formam?
531 1505 566 1542 an
590 1482 738 1544 valetudi-

90 1558 157 1618 nem?
178 1582 238 1642 quae
260 1563 316 1636 &‚
340 1582 430 1642 quum
439 1560 549 1624 adsunt
567 1607 576 1635 ‚
596 1582 739 1644 perparva

88 1629 141 1711 irnt;
154 1640 200 1716 &,
220 1643 315 1725 quam·
330 1641 380 1702 diu
401 1639 521 1702 affutura
540 1645 613 1716 sint,
627 1659 739 1702 certum

61 1779 63 1810 ,
88 1710 125 1775 ΜΠ
139 1721 212 1782 nullo
230 1723 329 1785 modo¹
365 1721 457 1784 otest:
473 1745 510 1782 an
524 1721 741 1806 (quodturpis-

86 1813 157 1890 aarum
181 1803 256 1866 dimi
284 1801 329 1865 est
343 1743 553 1886 {voluptatem
570 1803 581 1864 ἓ
607 1805 739 1864 arinca

61 1911 63 1948 ζ
86 1879 170 1952 quidem
188 1884 356 1967 spernenda
376 1885 408 1944 &
427 1885 626 1966 repudianda,
648 1886 740 1943 virtus

62 1955 64 2012 i
86 1957 113 2016 tel
129 1967 246 2028 maxime
271 1967 407 2026 cernitur.
429 1965 610 2041 Videtisne,
634 1981 741 2046 quanta

83 2033 136 2101 series
151 2066 247 2107 return
266 2046 529 2127 sententiarumque
545 2050 598 2117 sit3
610 2064 695 2126 atque
707 2063 741 2106 ut

84 2124 165 2184 uuio
180 2129 237 2188 alia
254 2125 422 2187 mediantur?
445 2131 515 2206 quin
535 2126 653 2186 labebar
673 2126 741 2185 lon·

81 2199 134 2276 filio,
148 2209 201 2268 nisi
222 2227 276 2270 me
295 2203 480 2265 retinuissem.

103 2280 157 2347 XX.
178 2288 223 2368 Q.
246 2289 326 2367 Quo
345 2286 483 2346 tandem?
498 2285 621 2346 libenter
641 2287 741 2361 enirn,

79 2353 156 2440 iares,
175 2370 214 2430 ad
237 2367 325 2428 istam
341 2369 504 2428 orationem
523 2386 621 2429 tecum
642 2367 741 2446 prola·

79 2437 141 2507 ieter.
159 2450 206 2510 M.
229 2449 286 2510 Ad
306 2447 394 2508 finem
406 2448 570 2522 bonorum,
585 2449 644 2529 quo
661 2448 708 2508 ref
722 2479 741 2496 «-

79 2538 163 2604 untur,
178 2532 213 2592 ἃ
232 2527 320 2608 cujus
341 2527 487 2610 apiscendi·
503 2529 588 2589 causi
606 2528 669 2589 sunt
693 2529 748 2589 fa·-

78 2604 146 2670 tienda
158 2614 287 2672 omnia:
308 2610 521 2671 controversam
537 2631 617 2683 rem,
633 2612 664 2670 ὃ(
677 2609 744 2691 ple-

79 2701 118 2746 tam
141 2691 332 2754 diisensionis
358 2692 431 2751 inter
456 2691 666 2765 dodissimos,
691 2690 742 2751 sed

76 2763 199 2848 *siquando
224 2769 334 2833 tamen
355 2768 546 2849 judicandam.
570 2771 653 2834 Αττ.
678 2771 742 2848 Qui

77 2842 115 2912 iiic
132 2851 195 2918 fieri
215 2850 339 2936 potest,
362 2849 395 2913 L.
412 2849 513 2914 Gellio
536 2852 673 2991 mgrruo?
696 2853 740 2911 M.

608 2953 638 2992 ιν
