1954 3604
229 229 308 291 216
384 218 453 286 Dr
487 231 740 302 omma,

228 349 350 407 mouet,
367 329 648 412 maximequequasi
655 329 793 412 perlucet
807 347 846 390 ex
856 330 907 402 iis,

251 435 299 472 uas
323 413 578 485 commemoravi,
601 411 780 482 vinutibus;
801 409 907 472 idcirco

229 434 315 565 dlos,
333 495 362 551 in
385 493 486 574 quibus
503 511 551 550 eas
572 495 694 552 virtutes
713 487 770 550 eise
788 510 905 563 remur,

229 595 247 634 a
276 589 376 632 natura
403 569 463 653 ipsa
492 571 617 710 dilipere,
640 571 782 654 cogimur.
811 569 907 651 Atque

229 653 274 713 lrae
292 653 410 733 quidem
434 649 521 712 causae
565 652 683 734 iligendi
706 654 908 732 gravissimae:
969 693 970 706 ,

228 729 343 827 poliunt
362 733 441 794 enim
462 749 602 812 praeterea
620 729 767 792 nonnullae
784 728 841 790 elle
863 731 908 791 le-

227 833 336 877 viores.

241 929 243 934 ·
274 911 321 973 33.
344 890 429 952 Fides
447 907 543 952 autem
564 908 597 951 ut
616 889 778 964 habeatur,
801 891 908 952 duabus

230 973 315 1034 rebus
328 969 403 1032 effici
416 967 526 1052 pote-st,
547 973 570 1031 si
589 969 812 1033 existimabimur
824 972 916 1052 adep.

232 1056 253 1114 ti
279 1051 459 1130 conjuni'cam
483 1072 548 1112 cum
574 1047 676 1127 iustitia
699 1050 910 1132 prudentiam:

231 1154 299 1214 uam
321 1134 353 1192 δι
371 1135 405 1193 iis
419 1130 508 1192 fidem
525 1131 771 1212 habemus‚quos
783 1133 849 1213 plus
866 1134 912 1190 in·
969 1181 970 1186 ,

231 1214 379 1295 redigere,
398 1210 486 1293 qudm
506 1233 581 1285 nos,
600 1213 797 1288 arbitramur,
820 1235 916 1293 quoae.

119 1361 125 1372 ¹
233 1313 289 1374 que
321 1293 353 1351 δι
377 1291 472 1354 futura
498 1280 660 1373 prospicere
686 1291 859 1370 credimus„
881 1293 913 1352 δι

232 1391 320 1452 quum
345 1393 390 1434 res
411 1389 537 1454 agatur,
558 1374 587 1432 i'n
605 1371 812 1451 discrimenque
835 1393 912 1434 ven·

231 1455 374 1526 sumsit,
394 1452 531 1533 expedire
550 1471 630 1525 rem,
652 1452 684 1512 &
702 1452 859 1512 consilium
876 1473 912 1512 ex

232 1549 365 1614 tempore
385 1552 487 1614 capere
508 1530 606 1613 posse:
625 1533 698 1592 harre
714 1535 793 1592 enim
812 1533 914 1594 utilem
959 1570 961 1578 ‚

232 1633 334 1676 omnes
348 1613 527 1684 existimant,
544 1631 701 1693 veramque
718 1612 914 1693 prudentiam.

231 1691 313 1756 Iustis
326 1711 428 1756 ,autem
448 1690 565 1752 &fidis
587 1691 774 1765 hominibus,
794 1695 824 1754 id
845 1691 914 1765 est,

231 1775 315 1834 bonis
333 1819 343 1847 ,
364 1771 493 1833 italides
512 1772 651 1847 habetur,
675 1789 706 1832 ut
728 1771 807 1832 nulla
825 1775 863 1834 sit
884 1776 914 1834 in

232 1854 275 1914 his
294 1853 399 1914 fraudis
416 1851 580 1932 injuriaeque
597 1852 727 1934 suspicio.
746 1851 790 1912 lta
811 1873 848 1913 ue
870 1854 914 1916 his

232 1933 350 1996 salutem
370 1930 514 2006 nostram,
525 1933 568 1994 his
580 1932 707 1994 fortunas
719 1976 729 2006 ,
740 1931 785 1994 his
816 1935 822 1948 '
846 1953 914 1996 eros

231 2013 384 2080 rediissime
400 2016 543 2074 committi
557 2015 733 2074 arbitramur.

276 2114 324 2175 34.
343 2094 454 2154 Harum
473 2095 555 2176 igitur
571 2094 692 2154 duantm
710 2092 747 2152 ad
764 2090 857 2154 fidem
869 2092 916 2154 fa·

228 2173 364 2240 ciendam
383 2173 486 2254 justitia
500 2175 563 2254 plus
576 2175 686 2254 pollet;
697 2175 768 2254 quip
791 2193 808 2234 e
822 2195 915 2254 quum

225 2273 267 2334 ¹'ea
287 2256 347 2312 sine
362 2255 513 2333 prudentia
528 2252 590 2315 satis
603 2255 707 2315 habeat
723 2275 758 2312 au
785 2256 916 2330 oritatis,

228 2332 381 2414 prudentia
403 2335 464 2394 sine
482 2331 585 2412 justitia
604 2333 680 2404 nilril¹
691 2333 787 2396 valeat
808 2334 845 2394 ad
868 2334 916 2394 fa·

231 2413 364 2474 ciendam
380 2411 479 2474 fidem.
501 2412 576 2492 Qub
594 2417 672 2476 enim
688 2417 750 2496 quis
769 2413 918 2478 versutior

227 2491 411 2554 &callidior
433 2492 503 2568 est,
527 2494 582 2554 hbc
600 2497 718 2557 invisior
739 2495 773 2554 &
800 2493 918 2576 suspec-

228 2573 308 2644 tior,
326 2571 449 2634 detradld
463 2574 606 2653 opinione,
618 2575 777 2656 probitatis.
786 2637 788 2644 ,
797 2573 921 2656 Quam·

224 2651 332 2711 obrem
360 2653 576 2735 intelligentiae.
591 2653 692 2734 justitia
721 2651 879 2732 conjuncla
904 2701 916 2732 ,

226 2749 368 2812 qrunuim
385 2733 488 2810 volet,
506 2734 624 2802 habebit
639 2737 676 2803 ad
687 2733 855 2808 faciendam
878 2733 919 2806 fi,-

844 2817 917 2877 dein
