1928 3602
207 263 369 333 Ltrrtt
405 273 612 336 rastros.
671 287 741 360 ¹4¹

52 369 89 438 sit
105 371 224 448 officii,
244 373 391 454 principes
409 379 465 438 sint
480 383 570 458 patria
589 381 622 440 δι
636 401 746 460 paren-

50 467 119 525 tes,
148 476 284 536 quorum
306 454 453 518 beneficiis
479 462 604 521 maximi
626 461 745 542 obligati

51 531 169 593 sumus:
192 537 342 614 proximi,
362 536 461 611 liberi,
480 555 598 620 totaque
617 539 743 614 domuS,

51 631 114 690 quae
134 613 252 693 spesiat
269 617 298 674 in
316 636 370 675 nos
386 615 482 689 solos,
497 640 590 700 neque
612 620 688 680 aliud
702 621 747 682 ul·

51 689 110 750 lum
139 693 244 773 potest
267 694 372 755 habere
396 697 580 779 perfugium:
604 701 742 780 deinceps

51 770 127 831 bene
147 776 363 836 convenientes
404 780 556 858 ropinqui,
576 779 744 860 quibuscum

52 853 140 910 eriam
165 857 334 914 communis
382 797 531 937 serumque
554 858 668 918 fortuna
695 858 743 920 est.

54 928 250 1008 Qamobrem
272 954 343 994 nece
367 938 425 998 aria
446 937 579 1015 ptaesidia
604 940 671 1000 vitae
691 939 746 1002 de·

53 1011 161 1071 bentur
181 1017 217 1073 iis
240 1015 383 1087 matrimi,
401 1036 477 1095 quos
491 1019 559 1076 ante
580 1016 663 1076 dixi:
686 1019 745 1078 vita

55 1108 185 1166 autem,
211 1091 357 1173 viiiusque
384 1099 571 1167 communis,
598 1097 745 1170 consilia,

55 1169 232 1246 sermones,
253 1173 492 1247 cohortationes,
515 1173 743 1251 consolationes,

56 1251 207 1313 interdum
226 1256 312 1312 etiam
326 1252 540 1334 objurgationes
560 1258 589 1314 in
612 1259 743 1318 amicitiis

57 1333 160 1412 vigent
187 1334 333 1396 maximi:
357 1332 397 1392 est
418 1355 453 1396 ue
479 1354 515 1398 ea
539 1333 742 1412 jucundissima

56 1412 213 1498 amicitia,
237 1433 324 1493 quam
342 1356 498 1474 simiiitudo
524 1435 639 1480 morum
665 1437 741 1478 cou-

56 1493 180 1572 jugavit.

99 1567 241 1634 XVIII.
273 1569 332 1630 Sed
358 1573 387 1628 in
411 1571 455 1632 his
481 1573 614 1636 omnibus
642 1572 742 1634 officiis

56 1650 218 1710 tribuendis
249 1649 409 1710 videndum
431 1653 513 1724 erit,
543 1654 612 1733 quid
639 1657 741 1734 cuique

58 1731 187 1790 maxime
205 1727 317 1790 neceffe
338 1731 392 1800 sit,
415 1731 446 1790 ὃ(
464 1731 533 1812 quid
548 1731 665 1813 quisque
685 1754 742 1794 no·

57 1808 170 1870 biscum
182 1810 235 1870 vel
252 1812 313 1870 sine
326 1809 408 1873 nobis
425 1828 472 1876 aut
482 1816 574 1889 possit
587 1811 742 1892 consequi,

60 1907 109 1949 aut
126 1911 187 1950 non
206 1891 309 1968 possit.
330 1887 449 1950 Itanon
470 1891 556 1952 iidem
579 1909 662 1952 erunt
684 1911 741 1950 ne-

60 1969 270 2029 cessitudinum
286 1969 406 2050 gradus,
424 1972 473 2050 qui
484 1988 659 2050 temporum.
670 1968 743 2030 Sunt

60 2047 195 2128 quaedam
215 2046 330 2120 officia,
352 2069 416 2128 quae
434 2051 494 2108 aliis
516 2053 633 2132 magis,
654 2049 742 2136 quim

61 2129 123 2188 aliis
142 2128 320 2199 debeantur,
338 2146 369 2187 ut
380 2131 507 2188 vicinum
525 2131 605 2188 citius
624 2128 746 2205 adjuve-

2 2259 3 2264 ,
61 2211 100 2266 ris
119 2211 150 2267 in
171 2207 309 2267 frusiibus
336 2209 558 2288 percipiendis,
585 2207 671 2288 quim
696 2227 745 2270 aut

62 2285 201 2360 fratrem,
220 2303 269 2346 aut
285 2286 463 2346 familiarem.
482 2285 544 2360 At,
556 2291 580 2346 si
596 2290 629 2348 lis
651 2290 679 2346 in
696 2286 744 2366 ju·

63 2367 142 2426 dicio
161 2370 217 2438 sit,
235 2369 340 2446 propin
361 2363 429 2426 uum
447 2367 586 2446 potius&
602 2371 743 2440 amicum,

63 2447 152 2527 quim
168 2448 297 2508 vicinum
311 2388 485 2506 deienderis.
503 2446 576 2506 Haec
590 2449 693 2528 igitur,
710 2447 748 2512 δέ,

64 2528 152 2598 talia,
173 2525 425 2606 circumspicienda
440 2524 502 2586 sunt
524 2528 553 2585 in
572 2529 653 2586 omni
674 2524 745 2586 offi-

66 2609 131 2678 cio;
151 2607 184 2666 &
197 2604 373 2666 consuetudo
386 2609 610 2686 exercitatioque
623 2609 745 2688 capien-

3 2759 4 2768 χ
67 2687 125 2759 da,
142 2703 174 2746 ut
191 2687 262 2748 boni
281 2688 494 2748 ratiocinatores
512 2683 674 2747 officiorum
687 2685 745 2747 esse

67 2768 231 2848 possimus,
250 2766 282 2829 δι
299 2765 433 2828 addendo
448 2764 676 2848 deducendoque
697 2769 749 2830 vi-
