1956 3614
193 335 244 390 20
341 313 414 382 Dr
449 325 704 401 tuoruum·

191 430 283 503 alios,
310 427 439 500 idcirco,
456 429 505 507 qui
529 445 630 488 canem
656 428 688 489 &
709 425 816 502 felem,
839 445 874 492 ut

192 509 286 580 deos,
307 508 423 581 colunt,
446 529 505 580 non
528 508 631 567 eadem
653 505 873 586 superstitione,

191 590 249 669 qui
264 607 364 650 ceterae
378 605 496 670 gentes,
510 587 714 656 conflidlaortur.
733 587 809 666 Quae
822 611 875 649 au-

182 685 252 744 ,tem
263 672 341 729 natio
354 673 413 728 non
433 669 620 752 comitatem,
637 689 697 728 non
708 669 874 748 benignita-

188 765 254 809 tem
277 794 287 820 ,
312 770 371 809 non
401 765 509 826 gratum
534 750 660 817 animum
686 749 720 808 δι
741 746 876 815 beneficii

192 848 355 910 memorem
381 826 501 909 diligit?
568 850 591 886 ae
615 828 782 908 superbos,
810 849 876 908 quae

193 907 342 970 maleficos
361 953 370 983 ‚
392 930 455 990 quae
480 849 639 982 cmdldles‚
665 928 728 987 quae
747 910 876 988 ingratos

185 1011 254 1054 non
269 989 451 1070 aspernatur,
471 1007 530 1046 non
546 987 630 1048 odit?
648 987 765 1066 Quibus
780 1007 816 1046 ex
828 1008 877 1050 re.-

193 1069 246 1128 bus
267 1091 355 1151 quum
368 1089 455 1142 omne
489 1067 719 1128 enushominum
738 1066 879 1128 sociatum

194 1151 268 1210 inter
285 1149 313 1208 se
330 1146 385 1208 elle
413 1088 600 1228 intedigatur,
620 1148 690 1208 illud
713 1164 879 1210 extremum

196 1226 268 1303 est,
299 1229 377 1310 qubd
401 1225 476 1289 retu
498 1227 616 1286 vivendi
642 1231 714 1288 ratio
741 1228 879 1296 meliores

187 1305 293 1390 efficit.
305 1308 392 1386 'Quae
404 1308 427 1366 si
441 1306 624 1386 approbatis,
644 1327 763 1388 pergam
774 1308 813 1367 ad
831 1328 880 1370 re-

166 1410 171 1419 s
196 1387 294 1467 lique:
313 1391 356 1447 sin
380 1386 449 1469 quid
461 1388 622 1466 requiritis,
646 1389 676 1447 id
700 1388 880 1468 explicemus
931 1443 936 1451 .

196 1469 285 1550 prius.
305 1468 387 1528 ATT.
401 1466 464 1527 Nos
482 1468 554 1527 veri)
570 1467 659 1540 nihil3
676 1485 708 1530 ut
720 1489 773 1548 pro
793 1485 881 1530 utro,-

187 1568 255 1632 que
271 1547 470 1627 respondeam.
683 1609 686 1616 Δ

188 1689 192 1694 ,
239 1627 305 1690 Xll.
326 1629 370 1689 Μ.
385 1629 518 1708 Sequitur
530 1629 636 1708 igitur,
650 1627 686 1686 ad
706 1629 881 1708 participatur

189 1707 268 1782 ¹durn
285 1710 371 1769 alium
392 1709 427 1768 ab
450 1707 527 1780 alio,
551 1707 881 1790 communicandamque

198 1790 273 1850 inter
289 1811 390 1850 omnes
402 1834 411 1866 2
425 1785 513 1866 justos
530 1787 629 1846 naturi
642 1809 697 1847 nos
709 1785 764 1848 esse
780 1773 882 1857 fallor.

186 1861 300 1951 'Atque
325 1870 382 1929 hoc
401 1871 430 1928 in
450 1869 530 1927 omni
552 1867 604 1924 hac
622 1866 815 1946 disputatione
839 1873 882 1928 sic

198 1950 320 2032 intelligi
331 1951 401 2011 volo
413 1993 423 2019 ‚
434 1943 478 2025 jus
490 1991 499 2021 ,
514 1945 594 2027 quod
604 1947 698 2007 dicant
708 1993 718 2021 ‚
727 1953 825 2010 naturi
836 1967 882 2014 es-

187 2027 229 2100 ‚se
240 2049 250 2104 3
266 2048 373 2091 tantam
393 2048 488 2088 autem
508 2024 563 2088 else
585 2029 774 2108 corruptelam
799 2031 882 2093 mulae

200 2108 431 2184 consuetudinis,
445 2126 476 2168 ut
492 2108 527 2167 ab
548 2127 583 2167 ea
598 2124 744 2190 tamquam
764 2111 883 2189 igniculi

200 2189 411 2271 exstinguantur
425 2211 442 2252 a
456 2205 555 2248 natura
571 2187 648 2261 dati,
662 2193 882 2270 exorianturque

203 2269 453 2331 &confirmentur
472 2269 542 2330 vitia
562 2272 710 2329 contraria.
734 2269 886 2348 Quodsi,

65 2397 67 2404 ,
107 2363 112 2368 ·
202 2370 263 2430 quo
283 2349 373 2409 modo
387 2346 427 2414 est
445 2347 566 2421 natum,
586 2350 626 2407 sic
639 2350 768 2426 judicie,
789 2348 884 2410 homi-

200 2448 273 2504 nes,
285 2431 397 2488 humani
416 2427 471 2509 (ut
479 2429 517 2486 ait
528 2427 640 2508 poita)
656 2431 727 2490 nilril
737 2452 755 2488 a
763 2430 794 2506 se
808 2433 884 2489 alie-

202 2531 266 2568 num
281 2528 430 2590 putarent,
449 2507 590 2570 coleretur
605 2503 650 2585 jue
667 2510 748 2590 aeque
761 2509 796 2568 ab
817 2529 884 2580 orn·

202 2588 286 2649 nibus
307 2608 315 2646 t
338 2589 440 2670 quibus
461 2589 539 2647 enim
565 2591 637 2648 ratio
661 2613 677 2649 a
698 2607 797 2660 natura
818 2591 884 2653 data

204 2665 265 2743 est,
282 2667 382 2730 iisdem
391 2673 478 2730 etiam
497 2666 572 2728 recta
589 2672 662 2728 ratio
679 2667 827 2731 dnta'esto
839 2690 885 2730 er-

225 2769 244 2806 o
267 2747 298 2806 &
314 2748 380 2826 lex,
395 2772 459 2832 quae
475 2746 516 2809 est
530 2746 606 2809 tedia
621 2750 692 2819 r'atio
706 2753 734 2810 in
755 2746 883 2828 jubendo

198 2863 201 2868 ·
250 2829 398 2894 vetando:
418 2833 443 2896 si
457 2829 527 2905 lex,·
545 2825 590 2910 jus
610 2849 737 2914 quoque·
760 2828 802 2894 At
813 2851 884 2893 om·
907 2829 914 2836 '

336 2983 345 2996 ἱ
349 2989 350 2996 r
