1960 3592
217 245 293 351 '548
351 241 770 323 Prrrtooorrrrconvm

219 367 284 430 sunt
290 412 301 440 ‚
317 385 381 449 quae
396 386 492 430 terum
504 364 648 448 adjuvant
661 367 780 429 causas:
799 368 909 456 quibui

218 449 305 512 utitur
318 446 477 510 ministeriis
494 447 597 522 Deus,
611 469 701 528 quum
717 451 828 529 optimi
842 449 911 530 spe*

220 531 297 590 ciem
310 573 320 603 ,
333 529 428 609 quoad
443 526 504 590 fieri
519 525 632 610 potest,
642 527 742 590 efficit.
757 527 819 589 Sed
835 530 911 590 exii

212 611 322 671 timant
338 610 469 690 plerique
485 631 547 670 non
564 607 629 670 haec
646 607 816 688 adjuvantia
836 631 911 672 cau-

215 688 331 764 sarum,
356 687 407 752 sed
425 691 475 752 has
495 690 568 770 ipsas
593 687 650 751 effe
673 693 809 750 omnium
835 711 909 752 caua

217 769 283 843 sas,
301 791 367 850 quae
383 771 447 831 vim
460 770 584 834 habeant
597 770 710 853 frigoris
730 771 763 830 &
777 770 909 846 caloris,

218 852 412 915 concretionis
432 849 465 910 δι
485 849 603 933 liquoris
626 861 643 923 ;'
663 867 780 912 careant
803 869 909 913 autem

218 935 301 992 omni
318 931 507 1014 intelligentii
521 949 606 1011 arque
620 931 749 1005 ratione,
768 951 837 1011 quae
850 935 908 994 nisi

217 1013 389 1084 inanimo,
408 1011 487 1072 nulla
504 1012 559 1072 alia
579 1014 608 1071 in
628 1028 728 1072 natura
748 1013 906 1092 reperian-

218 1107 275 1154 tur.
291 1091 414 1155 Animus
429 1109 525 1156 autern
540 1091 651 1153 sensum
666 1100 787 1152 omnem
802 1090 908 1176 effugit

221 1172 386 1234 oculorum.
406 1170 448 1234 At
467 1174 560 1254 ignis,
584 1172 617 1236 &
637 1191 734 1251 aqua,
755 1171 788 1232 &
803 1191 905 1250 terra,

217 1253 254 1312 δι
274 1256 345 1326 air,
367 1271 491 1334 corpora
512 1251 597 1327 sunt,
623 1272 716 1335 eaque
737 1273 906 1316 cernuntura

216 1330 304 1392 Illum
323 1350 440 1405 autent,
456 1336 505 1412 qui
521 1334 719 1415 intelligentiae
739 1331 906 1414 sapientire·

218 1431 277 1493 que
297 1411 324 1472 se
343 1431 504 1476 amatorem
522 1411 690 1495 profitetur,
706 1412 820 1475 neeeffe
839 1415 904 1491 est,

218 1493 406 1574 intelligentis
437 1491 625 1574 sapientisque
657 1513 765 1554 naturae
795 1497 904 1576 primas

220 1572 317 1634 causas
335 1577 505 1656 conquirere
517 1593 533 1633 ε·
547 1573 653 1638 deinde
673 1573 812 1636 secundas
832 1597 904 1636 can-

218 1653 264 1716 ses
279 1667 374 1717 rerum
389 1675 506 1729 earum,
523 1675 587 1734 quae
605 1654 760 1716 necessario
780 1673 905 1718 movent

218 1735 309 1809 aliae,
321 1755 411 1816 quum
426 1735 493 1816 ipsae
508 1735 544 1796 ab
559 1737 618 1801 aliis
632 1747 797 1797 moventur.
813 1737 904 1816 Quo·

220 1817 296 1876 circa
317 1817 400 1880 nobis
419 1817 459 1878 sic
478 1835 567 1878 cerno
589 1814 646 1877 effe
666 1815 852 1891 faciendum,
871 1834 904 1876 ut

220 1896 259 1956 de
280 1915 402 1976 utroque
426 1918 481 1958 nos
507 1896 626 1976 quidem
646 1896 775 1956 dicamus
796 1918 901 1980 genere

220 1975 392 2049 causarum
419 1975 569 2058 separatim
589 1994 686 2038 autem
706 1978 744 2039 de
760 1979 795 2037 iis
809 2025 818 2050 ‚
830 1977 901 2060 'quae

220 2075 289 2118 cum
308 2057 496 2138 intelligentia
514 2055 578 2120 sunt
596 2057 753 2120 efficientes
769 2060 902 2138 pulcher·

219 2139 358 2198 rimarum
375 2157 470 2199 rerum
481 2183 490 2211 ‚
502 2156 589 2220 atque
604 2141 797 2218 optimamm:
818 2141 850 2200 &
862 2141 898 2203 de

220 2218 279 2291 iis,
299 2239 363 2298 quae
382 2235 518 2281 vacantes
536 2219 710 2300 prudentia,
736 2219 900 2282 inconstan-

218 2298 279 2370 tia,
297 2299 518 2381 perturbataque
532 2297 669 2360 efficiunt.
682 2298 729 2360 Ac
743 2299 781 2359 de
798 2302 902 2362 oculo·

219 2395 285 2438 rum
318 2380 437 2459 quidem
462 2383 583 2453 causis,
608 2397 640 2444 ut
666 2380 808 2440 haberent
837 2403 901 2442 eam

220 2460 305 2530 vim,
329 2475 415 2540 quarn
428 2481 504 2524 nunc
516 2461 622 2524 habent
634 2505 646 2536 ,
660 2458 723 2522 satis
738 2459 830 2521 ferme
844 2461 900 2524 esse

222 2537 328 2598 ditium
347 2561 430 2620 puto.

264 2640 314 2692 44.
332 2621 461 2682 Maxima
473 2642 569 2686 autem
586 2643 690 2686 eorum
705 2622 829 2697 utilitas,
846 2625 900 2684 do·

223 2717 290 2759 nata
321 2699 447 2761 humano
480 2708 578 2785 generi
603 2705 724 2766 deorum
748 2724 899 2779 munere,

224 2777 360 2862 deinceps
385 2783 553 2864 explicetur.
585 2783 695 2846 Rerum
718 2787 797 2844 enim
821 2787 897 2867 opri-
