1956 3614
218 273 270 348 24
365 251 440 319 Da
469 263 726 340 rnatum
819 275 821 279 ⁴

210 367 341 441 ¹dentur,
358 366 459 430 nimias
471 369 538 430 edet
549 371 641 428 ruinas
654 390 660 427 :
673 383 760 449 quam
775 365 897 448 quidem

217 466 274 528 ego
292 448 404 528 placare
416 453 522 530 cupio,
540 448 710 511 submovere
724 469 783 506 non
793 447 899 507 audeo.

208 564 231 594 '³'
240 566 252 595 “
261 564 275 593 ⁴*
298 569 405 646 Desunt
413 572 457 632 dic
469 569 602 630 nonnulla
611 613 622 640 ‚
631 565 743 647 fhrtaffe
752 568 907 648 deprecati,

215 647 379 725 conscientia
397 651 424 710 se
437 649 568 730 scelerum
584 650 696 730 poenis..

211 805 224 814 ψ
256 765 341 827 XIV.
361 767 437 828 Nam
449 767 565 828 &iniis
578 761 638 825 sine
647 766 722 826 illius
731 765 899 830 suffimentis

212 851 323 928 expiati
341 848 446 908 sumus.
465 847 507 907 Ar
518 847 591 906 verb
603 845 740 907 scelerum
752 850 781 906 in
801 848 899 908 horni—

214 948 268 988 nes
290 946 375 1010 atque
395 932 575 1010 impietatum
596 927 672 986 nulla
692 930 818 1008 expiatio
849 927 900 991 est.

212 1007 316 1090 ltaque
344 1031 445 1090 poenas
469 1010 579 1081 luunt,
607 1027 668 1066 non
698 1027 765 1084 tarn¹
786 1006 899 1086 judiciis

219 1085 234 1170 (
274 1111 319 1148 uae
340 1091 485 1170 quondam
510 1085 648 1167 nusquam
670 1103 781 1161 erant,
809 1087 899 1150 hodie

212 1111 401 1228 mriltisariam
420 1169 497 1229 nulla
519 1166 581 1226 sunt
597 1186 606 1236 3
626 1166 675 1226 ubi
700 1168 762 1229 sunt
782 1183 900 1243 tamen,

218 1247 347 1329 persaepe
373 1248 440 1308 salsa
467 1247 561 1318 sunt)
585 1245 672 1328 quim
698 1247 901 1322 conscientii;

218 1344 250 1388 ut
271 1347 322 1388 eos
345 1331 453 1411 agitent
472 1326 697 1408 insedlenturque
720 1328 818 1402 furiae,
838 1338 900 1389 non

214 1407 382 1483 ardentibus
401 1409 500 1480 taedis„
513 1411 586 1468 sicut
605 1409 635 1464 in
653 1407 754 1468 sabulis
766 1452 777 1479 ‚
787 1406 836 1466 sed
848 1429 901 1468 arr—

213 1529 216 1536 ·
241 1507 291 1548 ore
325 1487 534 1563 conscientie,
567 1486 726 1568 fraudisque
765 1491 901 1551 cruciatu.

220 1507 315 1646 bubd
332 1572 359 1628 si
375 1569 507 1628 homines
520 1568 555 1627 ab
572 1565 693 1646 injuria,
712 1587 818 1649 prena,
840 1591 901 1630 non

220 1667 320 1708 natura
339 1668 434 1709 arcere
454 1649 592 1719 deberet,
614 1669 745 1728 quaenam
764 1647 902 1710 sollicitu-

221 1727 260 1787 do
278 1745 396 1789 vexaret
413 1731 517 1809 impios
535 1773 545 1802 ,
565 1726 674 1788 sublato
697 1728 902 1810 suppliciorum

220 1808 329 1869 metu?
355 1830 478 1890 quorum
497 1827 594 1868 tamen
616 1829 705 1870 nemo
728 1827 787 1870 tarn
809 1810 903 1871 audax

219 1909 270 1948 um
292 1910 358 1948 uam
377 1888 446 1959 fuit,
462 1891 530 1968 quin
542 1907 589 1948 aut
601 1889 801 1950 abnueretase
821 1911 903 1951 com·

216 1911 332 2029 millum
351 1965 406 2028 elle
424 1967 532 2028 facinus
550 2013 560 2041 ,
581 1985 628 2029 aut
649 1966 711 2048 justi
729 1969 769 2030 sui
793 1970 903 2032 doloris

216 2048 333 2110 causam
351 2049 473 2130 aliquam
487 2047 626 2130 fingeret,
644 2048 903 2132 defensionemque

219 2127 355 2190 facinoris
380 2145 521 2190 anaturae
546 2125 606 2206 jure
628 2131 725 2212 aliquo
754 2148 903 2212 quareret.

218 2209 301 2287 ‚Quae
314 2212 337 2267 si
357 2210 500 2288 appellare
519 2210 624 2270 audent
636 2213 738 2290 impii,
761 2231 820 2370 310
834 2227 903 2271 tan-

218 2289 291 2348 dem
310 2286 405 2347 studio
433 2289 561 2348 colentur
582 2291 706 2352 abonis
728 2291 739 2349 i
797 2293 858 2352 uod
879 2297 904 2354 si

221 2389 334 2449 poena,
355 2371 378 2426 si
399 2385 491 2428 metus
508 2367 637 2450 firpplicii
656 2416 665 2443 ‚
685 2393 745 2432 non
765 2371 826 2452 ipsa
844 2390 905 2434 tura

220 2448 345 2529 pittatio,
367 2447 492 2509 deterret
514 2451 549 2509 ab
572 2448 706 2528 injuriosa
729 2451 905 2513 facinorosa·

219 2547 280 2608 que
292 2531 353 2588 vita
374 2548 383 2598 ;
402 2548 491 2588 nemo
515 2528 556 2591 est
575 2529 719 2609 injustus:
748 2549 776 2594 at
798 2536 905 2595 incauti

221 2609 320 2688 potius
339 2607 462 2668 habendi
481 2607 543 2670 sunt
564 2613 701 2692 improbi.

134 2743 145 2758 ,
243 2697 314 2760 '41.
335 2687 423 2748 Tum.
437 2707 533 2750 autem
554 2694 681 2771 quinon
701 2691 763 2774 ipso
781 2692 906 2755 honesto

221 2787 397 2854 movemur,
416 2769 535 2834 utboni
552 2774 607 2834 viri
622 2774 734 2848 simus,
751 2773 801 2836 sed
825 2776 905 2835 utili-

846 2872 908 2923 tate
