1954 3604
228 285 381 352 er
414 300 614 356 Paratur.
690 285 763 380 18)·Ι

76 397 182 458 imitati
201 396 283 456 sunt?
295 417 415 477 quarum
454 398 550 460 uidem
568 399 644 460 certe
657 396 698 460 est
710 402 762 460 ad·

77 477 223 538 hibendus
251 478 387 550 modus,
415 419 454 537 ad
480 481 763 562 mediocritatemque

79 557 276 618 revocandus:
287 558 448 638 eademque
460 560 641 620 mediocritas
654 561 690 620 ad
700 582 764 620 otn-

80 657 148 696 nem
159 637 243 698 usum
253 637 416 718 cultumque
429 641 497 699 vitae
509 640 703 701 transferenda
715 639 765 702 est.

81 716 370 778 Sedhaechacienus.
401 747 405 756 ¹

124 817 192 869 14¹·
206 797 240 856 ln
251 800 332 857 omni
345 814 441 872 autem
450 797 561 860 afflone
573 799 767 881 suscipienda,

80 878 134 937 tria
152 876 216 936 sunt
237 877 380 937 tenenda:
401 881 550 957 primitur,
572 896 605 938 ut
623 904 639 940 a
660 885 766 962 petitus

80 959 187 1016 rationi
213 974 314 1037 pareat
334 977 344 1030 ;
365 979 423 1037 quo
444 959 515 1018 nihil
542 958 582 1018 est
608 903 658 1019 ad³
669 960 765 1021 officia

82 1036 280 1097 conservanda
303 1039 565 1097 accommodatius:
589 1038 716 1113 deinde,
735 1056 768 1100 ut
857 1081 863 1096 .

82 1117 349 1190 animadvertatur,
365 1134 471 1197 quanta
483 1119 531 1177 illa
543 1139 588 1178 res
606 1123 661 1193 sit,
678 1139 766 1200 quam

76 1195 198 1276 ,efficere
217 1197 340 1257 velimus
357 1217 366 1269 ;
390 1213 421 1256 ut
444 1217 521 1259 neve
542 1197 635 1274 major
655 1245 664 1274 ,
688 1219 766 1262 neve

5 1281 6 1286 ’
83 1279 201 1350 minor,
222 1297 289 1337 cura
309 1278 341 1336 &
361 1297 451 1357 opera
475 1277 657 1359 suscipiatur,
678 1280 765 1361 quim

83 1357 165 1417 causa
183 1355 324 1437 postulet:
342 1359 457 1417 tertium
475 1357 536 1432 est,
552 1375 584 1418 ut
595 1363 772 1436 caveamus,

81 1453 113 1496 ut
126 1455 162 1498 ea
174 1482 185 1511 ,
195 1457 259 1517 quae
275 1439 418 1517 pertinent
428 1437 465 1496 ad
475 1439 623 1500 liberalem
639 1439 656 1499 s
671 1443 766 1501 eciem

5 1577 6 1590 ζ
84 1517 117 1577 &
135 1517 328 1598 dignitatem,
346 1519 497 1578 moderata
508 1522 572 1578 sint.
589 1463 697 1579 Modus
718 1543 767 1580 au-

83 1614 144 1657 tern
166 1597 209 1657 est
225 1600 372 1678 optimus,
389 1597 474 1658 decus
490 1599 581 1678 ipsunt
596 1615 695 1660 tenere
708 1645 717 1674 ‚
728 1601 768 1661 de

5 1715 6 1720 κ
122 1699 143 1736 o
160 1677 226 1736 ante
245 1676 389 1752 diximus,
409 1697 462 1738 nec
480 1677 618 1760 progredi
642 1680 768 1762 longius.

5 1815 6 1824 ,
83 1698 200 1817 iderunt
216 1772 316 1817 tamen
329 1759 416 1817 trium
434 1756 692 1838 praestantissimum
709 1757 769 1835 est,

85 1858 122 1918 ap
143 1841 248 1898 etitum
263 1836 465 1917 obtemperare
484 1839 597 1898 rationi.

5 1921 6 1932 ¹
205 1915 355 1997 Deinceps
373 1916 408 1978 de
422 1918 523 1978 ordine
535 1937 629 1977 rerum
644 1918 675 1978 δι
691 1933 769 1984 tern-¹

86 2018 190 2078 porum
212 1999 428 2076 opportunitate
450 1998 603 2068 dicendum
627 1996 677 2058 est.
701 1997 767 2056 Hac

86 2093 182 2138 autern
200 2074 318 2136 scientii
333 2080 495 2138 continetur
506 2097 541 2137 ea
552 2123 561 2152 ,
572 2099 658 2157 quam
669 2075 767 2138 Graeci

86 2154 211 2228 εὐταξίαν
232 2159 406 2230 nominant;
425 2179 485 2218 non
505 2157 567 2228 haec
585 2201 596 2230 ,
614 2177 700 2238 quarn
721 2159 770 2215 in·

5 2267 6 2278 1
86 2251 277 2317 terpretamur
288 2234 477 2311 modestiam,
488 2259 547 2318 quo
559 2240 589 2296 in
598 2237 691 2300 verbo
705 2258 770 2297 mo-

88 2315 138 2374 dus
157 2314 246 2376 inest:
266 2316 315 2376 sed
331 2316 379 2376 illa
395 2315 523 2391 ἰυτιξιίι,
541 2318 572 2378 in
590 2338 645 2398 qua
666 2317 769 2378 intelli·

106 2399 160 2455 'tur
180 2397 289 2455 ordinis
303 2395 492 2457 conservatio.
513 2397 671 2478 Itaque,ut
691 2418 769 2458 earn-

87 2417 155 2536 dem
174 2497 229 2536 nos
247 2473 420 2536 modestiam
443 2477 637 2557 appellemus,
655 2480 694 2536 sic
713 2477 766 2538 de-

86 2554 182 2633 finitur
203 2579 221 2616 a
241 2556 366 2630 Stoicis,
390 2571 421 2616 ut
439 2555 578 2618 modestia
598 2561 634 2618 sit
653 2556 769 2628 scientia

90 2656 186 2695 earum
204 2656 320 2710 rerum,
336 2657 399 2717 quae
411 2655 547 2719 agentur,
559 2653 607 2699 aut
623 2636 768 2712 dicentur,

90 2716 155 2778 loco
177 2716 228 2778 suo
252 2717 511 2779 collocandamrn:
537 2722 631 2801 itaque
654 2718 769 2780 videtur

91 2797 192 2861 eadem
215 2799 261 2863 vis
288 2797 451 2862 ordinis&
474 2799 672 2862 collocationis
694 2797 770 2860 fore.
