1960 3592
193 287 272 370 '544
324 269 739 347 Purrososrrrcorurr

192 390 330 454 universe
352 408 459 453 naturae
477 408 641 472 temperans
662 387 886 471 penniscehar3

192 457 401 553 superiorisque
423 473 620 554 permixtionis
645 470 786 552 reliquias
806 472 885 532 sun-

191 549 265 612 dcns
276 555 436 634 .aequabat,
452 552 560 614 eodem
577 550 669 611 modo
686 551 803 628 ferm'e,
825 553 888 612 nisi

235 631 275 692 od
300 653 359 692 non
382 636 421 693 ita
446 635 646 711 incorruptas,
673 649 706 691 ut
729 653 791 706 ea,
814 653 885 715 quae

192 650 306 792 lumper
320 712 418 785 idem3
432 711 482 772 scd
499 733 517 770 a
535 712 588 772 diis
606 710 765 773 secundum
782 711 888 774 sume·

193 789 266 866 bat,
278 810 376 874 ,atque
395 794 521 854 tertium.
547 789 629 852 Toto
650 793 737 873 igitur
756 796 887 854 omnino

194 869 375 947 constituto,
415 871 553 934 sideribus
589 890 691 952 parem
725 893 891 934 numerum

194 949 335 1014 distribuit
354 955 533 1026 amissorum,
553 952 586 1011 &
604 953 731 1034 singulos
747 950 889 1032 adjunxit

194 1030 235 1096 ad
262 1033 400 1116 singula,
424 1051 511 1114 atque
535 1033 575 1091 ita
600 1034 681 1112 quasi
703 1034 736 1092 in
766 1054 889 1094 currum

197 1113 392 1176 universitatis
408 1112 565 1194 imposuit,
586 1110 890 1195 commonstravitque

196 1190 279 1287 leges
302 1193 403 1254 fatales
428 1214 461 1254 ac
482 1190 671 1266 necessarias,
696 1193 730 1252 δι
757 1193 889 1256 ostendit

196 1291 325 1354 primum
339 1290 435 1334 ortum
449 1293 540 1336 unum
556 1271 619 1334 sore
635 1273 791 1348 omnibus,
803 1295 889 1337 eum·

198 1371 258 1433 que
280 1354 462 1418 moderatum
490 1372 578 1437 atque
600 1350 806 1430 constantem,
829 1375 888 1417 nec

198 1431 238 1492 ab
251 1432 313 1494 ullo
328 1435 531 1498 imminutum:
548 1432 611 1494 satis
624 1452 742 1509 autem,
754 1434 788 1494 &
802 1437 889 1516 quasi

198 1510 303 1591 sparsis
324 1515 447 1588 animis,
468 1514 532 1576 sore
553 1516 594 1576 uti
615 1517 699 1576 certis
717 1531 778 1576 tem
820 1535 887 1576 runa

200 1592 358 1658 intervallis
375 1597 499 1658 oriretur
514 1594 640 1669 animal,
659 1595 739 1677 quod
754 1536 828 1657 effi
844 1595 885 1658 ad

201 1674 312 1736 cultum
332 1674 468 1739 Deorum
485 1697 502 1735 a
523 1677 674 1737 tissimum.
885 1707 889 1714 v

211 1797 216 1822 ,ι
244 1755 293 1838 38.
311 1753 370 1818 Sed
390 1775 479 1837 quum
498 1697 606 1838 duplex
624 1754 696 1816 esset
710 1771 812 1816 natura
832 1775 889 1840 ge·

201 1839 279 1897 neris
302 1837 448 1910 humani,
475 1837 517 1897 sic
543 1835 572 1896 se
597 1855 643 1896 res
667 1835 834 1912 habebant,
854 1855 888 1900 ut

224 1916 377 1978 restantius
395 1935 485 1999 genus
500 1914 570 1978 esset
587 1937 714 1992 eorum,
733 1920 783 2000 qui
798 1916 886 1980 essent

238 2000 291 2058 turi
307 1998 373 2060 viri.
402 1993 507 2075 Quum
526 2015 624 2059 autem
643 1999 745 2058 animis
763 2019 886 2080 corporo

203 2095 272 2138 cum
290 2081 460 2140 necessitate
480 2075 650 2154 inseviffet,
676 2098 824 2161 quumque
848 2079 886 2140 ad

205 2176 331 2241 corpora
348 2178 410 2222 tum
429 2161 556 2220 accessio
572 2157 674 2232 fieret,
690 2177 753 2222 tum
770 2159 886 2221 absces-

204 2240 270 2312 εἰσι
285 2239 396 2302 necesse
412 2258 494 2316 etat,
507 2237 617 2302 sensum
630 2238 766 2300 exsistere
779 2259 886 2317 unum,

205 2333 452 2403 communemque
481 2324 639 2392 omnium,
666 2320 886 2384 vehementiore

206 2419 292 2464 motu
309 2404 484 2476 excitatum,
505 2399 687 2481 conjuratum
728 2418 885 2462 erraturae:

207 2480 316 2543 deinde
347 2483 499 2562 voluptate
538 2482 570 2542 ὃ(
604 2481 668 2542 mol
708 2481 736 2542 'd
765 2485 888 2546 mixtum

206 2577 363 2622 amorem:
392 2560 462 2642 pest·
475 2565 568 2638 iam,
591 2561 624 2624 δι
639 2578 772 2635 metum,
794 2561 825 2624 &
841 2583 887 2625 re·

206 2635 301 2719 liquos
328 2655 425 2700 motus
454 2644 542 2703 animi
568 2686 578 2717 ‚
608 2645 730 2704 comites
755 2641 887 2722 superio·

208 2739 292 2795 rum,
312 2720 346 2783 δι
361 2719 511 2784 his'cciam
527 2726 686 2785 contrarios
702 2723 886 2788 dissidentes:

209 2819 283 2883 ¹quos
310 2803 499 2886 quitatione
530 2805 666 2885 rexerit,
698 2801 771 2888 juste
803 2807 888 2886 vises
