1954 3604
7 3065 9 3116 l

200 269 354 338 Lrarn
384 287 592 344 Parmos.
671 261 747 367 167

60 401 122 466 qna
145 401 239 457 omne
261 382 413 445 honestum
440 384 637 466 decorumque
657 387 751 448 trahi·

63 481 136 560 tur..
156 465 189 524 δι
206 485 243 525 ex
262 485 319 544 qua
334 468 408 525 ratio
423 466 591 526 inveniendi
600 463 688 560 oflicii
704 489 756 564 er·

60 563 205 706 gilli
224 545 753 706 llll.?⁰lll².’.llll”?lli.fll

61 725 177 787 magnae
204 705 451 767 dissimilitudines
472 705 535 767 sunt
553 707 566 786 (
583 708 654 768 alios
671 712 750 782 enim

61 786 199 846 videmus
215 787 369 848 velocitate
384 786 422 846 ad
441 786 570 860 clusum,
586 789 656 847 alios
678 792 751 866 viri·

61 864 116 926 bus
135 866 174 924 ad
189 865 354 928 ludendum
369 867 484 928 valere:
503 870 630 948 itemque
645 870 676 926 in
690 867 751 929 for·

4 969 6 974 ·
60 947 118 1005 mis
134 947 197 1006 aliis
218 947 385 1028 dignitatem
401 945 513 1020 inesse,
535 947 595 1006 aliis
617 947 750 1010 venusta·

57 1025 155 1107 tem)
175 1027 217 1122 ric
237 1049 267 1086 m
285 1030 385 1088 animis
401 1025 540 1088 exsilhrnt
552 1030 639 1088 etiam
659 1027 751 1108 majo·

61 1125 108 1166 res
124 1123 290 1167 varietates.

107 1185 176 1248 108.
199 1185 268 1246 Erat
284 1190 312 1246 in
332 1186 364 1248 L.
382 1184 506 1258 Craff0,
526 1185 559 1246 &
578 1187 608 1246 in
628 1185 661 1246 L.
677 1181 747 1248 Phi-

62 1263 146 1345 lippo
165 1268 272 1362 multus
287 1269 392 1348 lepos:
414 1264 508 1340 major
531 1269 619 1328 etiam
639 1271 747 1351 magis-

60 1347 178 1490 llll?
188 1345 592 1510 llllltlllnhllht
612 1347 745 1504 &3052

61 1505 94 1566 ἃ
116 1509 147 1566 in
172 1507 218 1568 M.
243 1507 338 1568 Druso
364 1506 572 1580 adolescente,
596 1509 745 1588 singularis

60 1585 217 1649 severitast
232 1591 263 1648 in
278 1588 315 1648 C.
334 1587 423 1648 Lario
440 1587 531 1647 multa
546 1587 669 1648 hilaritas
684 1610 692 1646 :
713 1592 744 1649 iu

60 1664 124 1746 ejus
142 1666 277 1730 familiari
295 1669 429 1748 Scipione
441 1669 561 1728 ambitio
577 1666 670 1743 major
680 1714 689 1742 ,
699 1671 744 1730 vi-

60 1763 90 1808 ta
108 1746 225 1809 tristior.
242 1747 298 1809 De
313 1747 423 1809 Graecis
439 1766 536 1808 autem
551 1791 560 1822 ,
578 1748 694 1809 dulcem
711 1750 744 1810 δι

60 1824 212 1902 ficetum,
234 1827 383 1910 festivique
408 1829 571 1900 sermonis,
598 1846 685 1909 atque
712 1831 743 1889 in

62 1911 142 1971 ortuli
152 1911 293 1970 ¹oratione
308 1910 530 1980 simulatorem,
545 1928 633 1987 quem
655 1913 741 1978 ripum

5 2045 6 2050 ,
62 1986 160 2050 Greci
184 1992 433 2064 nominaverunt,
453 1988 603 2048 Socratem
626 1988 743 2064 accepi.-

5 2065 7 2130 ἶ
57 2089 146 2130 mus:
174 2070 302 2139 contri,
326 2069 522 2152 Pythagoram
546 2067 579 2126 &
604 2064 745 2127 Periclem

5 2161 6 2204 ἶ
62 2148 204 2214 summam
235 2149 430 2211 audioritatem
457 2142 656 2218 consecutos,
682 2148 744 2206 sine

5 2219 7 2252 Ρ
59 2231 117 2293 ulla
140 2229 295 2290 hilaritate.
321 2229 467 2291 Callidum
489 2225 689 2299 Annibalem,
707 2245 745 2288 ex

63 2308 223 2370 Poenorum
241 2331 250 2383 ;
274 2331 311 2370 ex
329 2308 430 2373 nostris
447 2308 567 2368 ducibus
584 2307 626 2386 Q.
643 2303 744 2367 Maxi-

63 2411 141 2451 mum
158 2393 325 2471 accepimus
342 2410 351 2449 :
375 2389 457 2450 facile
480 2389 599 2462 celare,
625 2404 720 2446 tacere
735 2430 746 2461 ,

64 2470 260 2542 dissimulare,
277 2472 403 2532 insidiari
413 2513 423 2542 ‚
441 2471 597 2548 praecipere
622 2463 745 2548 hostium

64 2553 189 2616 consilia.
215 2549 250 2612 In
271 2573 330 2632 quo
355 2569 461 2634 genere
487 2543 584 2626 Graeci
605 2541 745 2608 Themis·

6 2633 8 2704 g
65 2633 170 2694 toclem
186 2633 219 2694 &
234 2631 383 2692 Pheraeum
398 2629 531 2706 Iasonem
549 2629 650 2689 ceteris
665 2627 747 2690 aute·

67 2729 196 2791 ponuntr
220 2710 423 2793 inprimisque
445 2709 590 2773 versutum
612 2707 643 2768 ὅ(
659 2707 749 2768 'calli-

62 2790 133 2856 dum
149 2792 260 2863 neum
277 2792 394 2866 Selenis
412 2835 423 2869 ‚
442 2792 491 2874 qui
508 2835 527 2870 „
537 2790 598 2872 qub
614 2788 647 2851 δι
660 2790 750 2896 tutior
