1928 3602
235 279 394 346 Lrnnu
421 293 625 347 nnn-mun
701 297 773 370 127

127 387 168 452 X.
188 390 251 452 Sed
271 392 401 452 incidunt
416 392 488 474 saepe
509 411 662 473 tempora,
683 409 772 480 quum

89 489 144 546 ea,
161 493 228 553 quae
240 473 509 534 maximevidentur
523 475 610 558 digna
627 469 683 531 esse
700 469 772 550 lusto

89 552 229 626 homine,
245 571 361 632 eoque,
379 573 466 634 quem
485 557 580 614 virum
596 555 705 612 bonurn
724 551 772 610 di-

90 634 180 692 cimus
195 678 207 704 ,
224 648 457 705 commutantur,
469 632 598 716 fiuntque
612 634 772 704 contrariu

69 730 120 771 ·ut
148 733 211 772 non
230 712 355 773 reddere
374 713 567 794 depositum,
588 715 676 772 etiam
696 734 772 792 pro-

89 790 203 852 missum
220 813 281 852 non
300 791 415 868 facere,
432 813 554 876 quaeque
573 795 717 873 pertinent
736 791 772 851 ad

89 873 266 946 veritatem,
283 873 363 931 &ad
379 871 467 934 fidem
479 920 488 947 ,
502 893 536 934 ea
548 875 669 953 migrare
687 873 775 931 inter-

90 951 182 1026 dum,
203 954 236 1012 ὃ(
253 969 314 1011 non
332 951 463 1029 servate,
482 955 520 1014 sit
538 949 651 1031 justum.
668 950 774 1011 Refer·

91 1034 113 1089 ri
138 1036 218 1091 enirn
241 1031 326 1092 decet
350 1034 385 1092 ad
409 1054 444 1094 ea
464 1079 474 1107 ,
498 1055 561 1114 quae
583 1029 719 1113 proposui
742 1033 773 1090 in

91 1114 257 1192 principio,
274 1111 461 1174 fundamenta
481 1111 608 1194 justitiae:
627 1112 775 1192 primurn,

90 1206 172 1252 utne
193 1195 240 1251 cui
253 1211 410 1267 noceatur;
428 1194 556 1270 deinde,
575 1210 607 1254 ut
627 1193 775 1252 communi

92 1272 206 1332 utilitati
228 1271 373 1333 serviatur.
733 1281 742 1298 ⁰

132 1369 180 1430 32.
191 1351 297 1430 Quum
307 1370 440 1434 tempora
454 1370 680 1428 commutantur,
691 1363 773 1410 com*

89 1447 217 1492 mutatur
233 1430 380 1505 officium3
395 1434 425 1492 ὃ(
436 1456 496 1493 non
506 1431 618 1513 semper
629 1429 670 1493 est
684 1432 777 1492 idem.'

89 1507 187 1571 Potest
204 1514 284 1572 enirn
299 1513 428 1573 accidere
446 1510 613 1593 promissum
632 1511 772 1592 aliquod,

91 1589 122 1648 &
137 1608 340 1665 conventum,
354 1610 386 1654 nt
405 1593 434 1652 id
452 1591 527 1654 effici
540 1595 575 1653 sit
589 1593 707 1667 inutile,
724 1593 773 1651 vel

91 1673 138 1740 ei,
156 1674 204 1732 cui
240 1670 385 1734 romissum
402 1671 522 1747 sit,vel
535 1676 580 1743 ei,
600 1676 649 1753 qui
687 1674 776 1732 romi-

91 1749 165 1812 setit.
222 1765 271 1812 ant
293 1754 335 1830 sip,
355 1766 386 1812 ut
401 1751 431 1813 in
448 1753 551 1814 sabulis
570 1747 631 1828 est,
685 1763 776 1833 eptu-

91 1843 166 1906 nus,
210 1831 411 1894 nodThefeo
433 1831 628 1914 promiserat,
649 1855 708 1892 non
730 1831 776 1892 fe·

93 1909 192 1984 niffen,
239 1912 341 1974 heseus
355 1910 415 1973 silio
438 1914 606 1996 Hippolyto
621 1935 681 1974 non
706 1912 775 1972 effer

93 1992 221 2052 orbatus.
240 1991 283 2052 Ex
298 1994 386 2054 tribus
398 1997 476 2054 enirn
487 1997 612 2074 optatis,
626 2010 658 2053 ut
674 1992 775 2059 scribi-

13 2103 15 2128 ;
93 2085 160 2146 tur,
184 2073 321 2133 hocerat
340 2077 476 2146 tertium,
493 2069 574 2156 quod
595 2073 631 2134 de
653 2071 775 2152 Hippo·

94 2151 150 2230 syri
166 2155 282 2214 interitu
301 2156 386 2214 iratus
406 2159 541 2234 optavit3
559 2175 617 2234 quo
639 2155 777 2232 impetra-

94 2249 152 2306 to,
172 2235 203 2292 in
221 2237 361 2294 maximos
379 2233 469 2296 Iustus
491 2233 601 2294 incidit.
622 2231 685 2293 Nec
705 2251 774 2314 pro-

95 2309 174 2372 missa
194 2317 204 2373 i
224 2316 279 2374 'tur
302 2313 438 2374 servanda
463 2313 525 2375 sunt
544 2335 605 2389 ea,
629 2335 692 2397 quae
719 2317 775 2375 sint

95 2392 148 2464 iis,
165 2397 214 2474 qui
236 2416 268 2454 us
287 2395 474 2474 promiseris,
495 2395 623 2456 inutilia:
649 2413 728 2464 nec,
751 2391 775 2455 si

97 2472 160 2550 plus
178 2472 229 2533 'ribi
246 2491 393 2550 noceant,
412 2475 497 2556 quim
519 2477 560 2534 iili
577 2477 705 2555 prosint,
729 2479 775 2536 cui

14 2625 15 2630 ἵ
97 2552 287 2632 promiseris,
308 2573 408 2616 contra
433 2553 562 2615 officium
584 2553 624 2614 esi
646 2602 656 2631 ,
683 2554 774 2634 majus

98 2638 234 2712 anteponi
264 2637 388 2695 minori:
415 2651 468 2707 ut,
496 2639 520 2696 si
547 2634 722 2696 constitueris
745 2654 775 2696 te

98 2715 219 2791 cuipiam
239 2713 411 2776 advocatum
422 2718 451 2775 in
467 2736 528 2776 rem
546 2716 714 2797 praesentem
731 2737 777 2776 es-

99 2791 127 2852 se
138 2811 308 2870 venturum,
321 2813 406 2879 atque
420 2798 533 2858 interim
549 2799 775 2934 grltpviteraegro·

626 2897 654 2936 tv
