1928 3602
123 273 280 340 Lrurrt
312 289 595 344 urcuuous.
660 294 709 369 7¹

38 402 63 446 tt
72 405 135 446 cum
151 383 299 482 superiore
316 385 485 462 exustione,
498 385 586 466 quim
600 386 715 450 heredi·

37 466 80 526 bus
98 467 235 528 ommbus
248 465 318 529 esset
332 467 454 540 relida3
473 470 521 548 qui
537 487 602 528 eam
623 489 714 548 pecu-

36 549 105 606 niam
125 547 287 630 exegiffer,
306 548 398 610 solum
418 551 479 610 sine
499 549 713 626 coheredibus,

36 625 109 687 sacris
127 627 246 710 alligari.
265 627 349 708 Quin
365 632 452 690 etiam
465 647 589 703 cavent,
603 647 653 705 ut,
668 633 713 694 cui

36 707 93 788 plus
109 707 239 790 legatum
254 712 311 785 sit,
326 708 413 790 quim
428 712 489 770 sine
503 710 645 794 religione
665 733 715 772 ca·

38 807 98 868 pere
114 788 217 863 liceat,
238 791 328 870 isper
342 811 382 852 aes
401 790 431 850 &
455 791 557 852 libram
575 791 714 854 heredem

38 865 190 930 testamenti
206 871 315 944 solvat;
331 889 486 952 propterea
500 871 579 950 qubd
593 891 631 930 eo
645 871 715 932 loco

39 968 79 1010 tes
91 947 148 1024 est,
162 953 203 1012 ita
218 949 309 1012 soluti
324 951 503 1025 hereditate,
518 952 598 1030 quasi
611 969 647 1012 ea
661 972 716 1033 pe·

42 1031 113 1090 cruda
130 1030 158 1093 le
179 1049 226 1092 ata
240 1053 300 1092 non
317 1029 397 1093 effet.

75 1109 152 1170 ΧΧΙ.
201 1133 239 1172 oc
251 1133 308 1194 ego
318 1112 388 1173 loco
399 1108 550 1191 multisque
561 1109 622 1172 aliis
637 1131 717 1192 quae·

45 1209 71 1248 ιο
87 1191 223 1268 mobis,
243 1191 382 1254 Scaevolae
404 1190 556 1272 pontifices
576 1194 718 1264 maximi,

48 1268 232 1345 &homiues‚
247 1293 316 1334 meo
331 1272 450 1354 quidem
464 1270 590 1352 judicio,
608 1276 718 1334 acutis·

48 1351 717 1514 u‘rumz‘rm‘irmmru

49 1455 214 1650 {dimdium
235 1515 363 1595 quodam
385 1515 476 1574 modo
498 1515 624 1576 tollitis:
647 1535 717 1576 nam

70 1613 108 1654 tra
122 1616 191 1656 cum
206 1598 344 1676 pecunia,
374 1595 523 1656 ontificum
535 1591 718 1670 audoritate,

53 1673 110 1733 uult
128 1676 223 1757 lege,
241 1675 348 1755 conjun
410 1675 483 1736 sunt.
498 1673 597 1755 Itaque
615 1678 640 1735 si
660 1695 717 1736 vos

53 1756 237 1818 tntummodo
254 1755 407 1836 pontifices
418 1755 531 1829 effetis,
545 1754 719 1835 pontificalis

56 1849 165 1898 maneret
184 1836 334 1898 audioritas
352 1857 359 1895 τ
379 1836 430 1898 sed
447 1837 526 1918 qudd
542 1836 632 1896 iidem
649 1833 719 1914 juris

59 1914 125 1978 udis
143 1915 210 1978 estis
228 1920 415 1998 peritissimi,
432 1918 486 1978 hac
503 1916 617 1978 scientid
638 1916 719 1976 illam

60 1993 160 2060 ruditis.
178 1995 287 2060 Placuit
304 1997 336 2059 Ρ.
352 1996 491 2059 Scaevolae
513 1999 546 2058 &
567 1996 719 2058 Corunca-

60 2073 106 2151 ἑο,
120 2077 307 2160 pontificibus
323 2081 472 2152 maximis,
488 2082 615 2156 itemque
634 2095 719 2136 cete-

63 2155 95 2231 dt,
104 2163 152 2240 qui
165 2159 347 2222 tantumdem
361 2176 494 2237 caperet,
505 2174 642 2236 quantum
654 2174 721 2217 om·

63 2251 96 2307 β
104 2235 245 2314 heredes,
259 2239 340 2300 sacris
354 2238 471 2321 alligari.

91 2339 127 2400 ις.
149 2321 257 2382 Habeo
277 2319 321 2400 jus
343 2317 533 2399 pontificium.
554 2314 639 2396 Quid
662 2315 720 2380 hue

135 2406 159 2463 it
180 2422 217 2463 ex
231 2398 294 2482 jure
319 2399 416 2463 civili?
438 2401 600 2481 partitionis
621 2414 723 2479 caput,

93 2483 98 2496 '
185 2483 289 2556 caute,
301 2500 333 2542 ιιι
343 2500 459 2542 centum
473 2481 584 2542 nummi
596 2479 724 2539 deduce·
769 2542 779 2548 ,

138 2607 146 2626 .
165 2564 290 2626 Inventa
306 2561 346 2623 est
359 2563 456 2636 ratio,
475 2583 524 2622 eur
542 2562 663 2640 pecunia
680 2557 724 2620 sa·

170 2641 301 2705 molesti&
314 2644 490 2704 liberaretur.
503 2639 598 2720 Qubd
613 2642 637 2700 si
650 2639 726 2716 hoc„

96 2721 303 2786 'testamentum
315 2723 566 2798 faciebat‚cavere
579 2718 728 2795 noluiffet,

79 2797 183 2870 bouet
209 2802 418 2888 jurisconsultum
447 2803 507 2870 hie
521 2800 641 2887 quidem
666 2800 728 2884 ipse
