1928 3602
176 251 248 324 128
321 255 397 348 Da
433 270 694 336 omerio,

167 383 229 424 tare
251 363 325 426 filius
348 373 470 448 coeperit
489 413 498 442 ,
516 389 579 436 non
601 371 637 428 sit
659 385 760 429 contre
780 366 852 428 offl-

169 447 266 519 cium,
281 468 342 506 non
358 447 451 508 facere
470 448 550 529 qtiod
562 448 686 520 doteris3
701 448 798 530 magis
812 469 851 516 ue

169 523 244 598 ille,
266 529 312 586 cui
331 525 495 607 promissum
513 532 569 602 sit,
586 527 622 586 ab
642 527 738 588 officio
760 470 853 588 dipce-

79 661 86 682 ,
171 603 248 680 dat,
271 610 294 665 si
310 606 338 668 se
360 605 521 668 destitutum
545 623 687 689 queratur.
707 605 771 668 Jatn
799 609 854 668 illis

171 687 319 762 promissis
338 685 468 768 standum
484 691 544 748 tion
559 685 638 762 effe,
653 690 790 768 quianon
806 690 854 749 vi·

173 763 245 836 det,
273 787 336 846 quae
359 767 472 828 coellus
495 770 559 849 quis
586 784 687 841 metu,
708 788 773 905 prae
799 768 854 846 de-

175 861 275 923 ceptus
282 845 356 933 dolo
374 845 552 927 promiserit?
572 845 650 924 Quae
661 847 710 927 qui
730 867 779 907 em
789 847 858 925 ple·
928 915 932 924 ,
957 851 958 880 ³

174 944 262 1064 paqurp
283 947 344 1002 jure
365 931 498 1009 praetorio
519 926 694 1000 liberantur,
716 911 857 987 nonnulla

188 1023 234 1086 egr
254 1027 297 1064 us.

222 1101 268 1164 33.
282 1083 424 1147 Exsistunt
438 1089 526 1147 etiarn
538 1085 611 1165 saepe
623 1082 731 1162 injuria
747 1084 857 1144 calum-

177 1163 226 1222 nial
246 1164 390 1246 quadam,
408 1166 437 1226 ἃ
459 1168 542 1226 nimis
562 1165 682 1237 callida,
695 1163 750 1224 -sed
773 1164 860 1224 mali-

178 1243 254 1304 tiosi
267 1241 335 1322 juris
352 1247 609 1326 interpretatione:
627 1265 665 1304 err
704 1265 743 1304 uo
765 1243 861 1314 illud,

179 1327 316 1384 Summum
334 1321 407 1404 jus,
422 1325 529 1404 stemma
546 1321 672 1403 injuria,
683 1265 797 1384 (labium
820 1321 863 1383 est

178 1397 238 1482 jam
254 1406 353 1465 tritum
368 1402 499 1465 sermone
516 1403 712 1484 proverbium.
733 1401 809 1480 Quo
827 1405 859 1462 in

180 1502 287 1562 genere
308 1486 394 1544 etiam
411 1488 440 1544 in
459 1484 605 1564 republica
621 1483 710 1542 multa
735 1503 864 1563 peccan-

159 1579 244 1634 tur,
269 1580 300 1622 ut
323 1563 369 1623 ille
386 1599 397 1638 ,=
439 1566 487 1639 ui,
508 1584 596 1644 quum
614 1565 729 1643 triginta
748 1563 864 1633 dierunt

182 1639 271 1702 'essent
296 1665 362 1704 cum
380 1585 463 1705 bole
487 1641 577 1724 panae
598 1642 747 1714 induciae,
774 1641 866 1715 nodln

182 1743 222 1803 po
245 1722 374 1784 ulabatur
395 1744 478 1806 agros
500 1768 510 1797 ,
533 1721 614 1804 quod
635 1722 747 1800 dierum
771 1721 866 1783 ellent

182 1744 292 1883 pallae,
321 1824 380 1877 non
402 1802 528 1862 nolliurn
547 1801 675 1863 induciae‘.
700 1801 745 1864 Ne
767 1800 867 1864 noster

184 1882 302 1962 quidem
319 1883 501 1962 probandus,
519 1885 542 1941 si
558 1902 661 1944 verunt
675 1880 735 1954 est,
756 1881 798 1960 Q.
809 1881 867 1942 Fa·

185 1959 264 2022 bium
285 1961 472 2035 Labeonem,
490 1961 538 2021 seu
564 1965 647 2023 'uem
663 1963 749 2022 alium
767 1961 865 2042 (nihil

186 2046 265 2102 enim
294 2061 395 2124 praeter
423 2042 549 2102 auditum
594 2043 669 2103 abeo
687 2039 706 2182 ζ
727 2043 869 2102 arbitrum
957 2069 958 2098 f

186 2119 306 2184 Nolanis
325 2125 356 2184 &
377 2121 573 2202 Neapolitanis
590 2122 626 2184 de
638 2119 687 2184 fini
708 2144 768 2183 usa
784 2122 887 2195 senaf.
957 2183 958 2192 ,

185 2218 217 2262 tu
236 2203 352 2278 datum,
370 2223 457 2284 quum
475 2202 510 2264 ad
528 2202 626 2266 locum
643 2199 782 2275 venillet,
798 2223 869 2278 cnm

186 2282 309 2364 utrisque
333 2282 480 2362 separatim
495 2283 623 2344 locutum
635 2327 645 2355 ,
658 2300 690 2343 ut
707 2303 744 2342 ne
758 2283 869 2362 eupide

186 2363 255 2442 quid
277 2363 411 2446 agerent,
427 2383 464 2425 ne
478 2381 663 2442 appetenter;
676 2379 760 2442 atque
778 2380 810 2422 ut
822 2383 872 2422 re·

185 2443 292 2524 gredi,
312 2441 398 2522 quim
422 2443 559 2522 progredi
579 2443 705 2504 mallent.
728 2441 761 2500 ld
777 2463 870 2523 quum

186 2525 299 2600 utrique
322 2520 465 2592 feciffent,
482 2523 657 2604 aliquantum
675 2545 690 2580 a
711 2524 734 2580 ri
751 2524 780 2580 in
803 2542 871 2580 tne-

186 2601 234 2660 dio
251 2599 379 2660 relidlum
392 2599 439 2660 est.
451 2599 549 2680 Itaque
561 2602 676 2662 illorum
687 2542 778 2674 lines,
795 2603 871 2666 sicut

186 2682 241 2760 ipsi
256 2679 405 2754 dixerant,
421 2683 604 2753 tenninavit;
623 2685 651 2741 in
669 2679 766 2742 medio
783 2679 874 2740 relic-

141 2833 144 2842 ,
185 2779 246 2826 tum
269 2760 450 2848 quoderat,
471 2763 581 2847 populo
598 2761 734 2826 Romano
752 2757 873 2842 adjudi-⁸
