1956 3614
268 199 431 270 ωιτη
462 213 678 272 euzotus.
755 219 806 301 35

9 321 10 326 ’
117 313 244 376 sidero:
271 315 323 375 sed
344 332 374 374 te
399 313 529 376 existimo
551 337 641 400 quum
665 314 809 398 populis,

117 413 180 456 tum
199 398 291 457 etlam
314 389 431 478 singulis
450 397 592 459 hodierno
611 396 742 459 sermone
763 397 809 458 le·

9 533 11 538 .
196 475 321 537 vivendi
346 477 573 558 &disciplinam
595 478 736 540 daturum.
762 477 810 541 Μ.

123 495 267 654 ldlhujus
279 560 353 618 verb
366 556 563 638 disputationis
573 605 582 634 ‚
593 559 706 639 Quinte
714 603 724 633 ‚
732 579 811 655 ⁸pro-

112 637 814 800 iisiimellitlllltdliplilad'tailleplldlll
898 737 903 746 ·

124 801 166 859 ita
186 798 217 858 se⁴
235 819 281 860 res
298 800 405 875 habet,
422 817 481 876 ut,
528 803 647 862 uoniam
672 803 811 862 vitiorum

128 879 374 956 emendatricem,
386 881 483 964 legem
539 902 556 942 e
575 899 708 963 oportet,
728 903 814 942 eom·

128 961 394 1043 mendatticemque
413 965 572 1037 virtutum,
588 963 624 1022 ab
644 982 679 1022 ea
692 963 814 1024 vivendi

129 1039 260 1102 dodma
283 1041 413 1104 ducatum
431 1039 556 1118 lta'fit,
578 1060 610 1103 ut
631 1059 723 1102 mater
745 1063 817 1103 om·

129 1124 212 1182 nium
229 1122 370 1183 bonarum
388 1127 490 1202 attium
509 1123 646 1204 sapientia
662 1125 717 1195 sit;
733 1144 816 1184 aeu-

129 1199 177 1283 jus
193 1221 293 1265 amore
315 1203 424 1266 Graeco
439 1205 532 1266 verbo
553 1202 734 1287 philosophia
753 1225 815 1265 no·

129 1302 201 1344 men
214 1286 343 1359 invenit,
394 1285 517 1346 dniltila
534 1285 587 1346 diis
604 1284 815 1350 immortalibus

130 1364 247 1425 ebenus
266 1410 276 1439 ‚
298 1367 359 1426 nilti
388 1367 537 1427 florentius
554 1410 565 1441 ,
582 1367 654 1426 nihil
671 1363 816 1446 ptaeiiabi·

131 1447 186 1506 lius
210 1445 361 1507 hominum
377 1450 445 1510 vitae
464 1447 562 1507 datum
579 1444 638 1506 est:
654 1445 718 1506 ltaec
736 1449 817 1507 enim

132 1545 192 1586 una
211 1547 265 1586 nos
305 1547 374 1588 uum
394 1545 502 1588 ceteras
525 1548 570 1587 rea
589 1545 715 1601 omnes,
736 1543 818 1603 mm,

133 1606 216 1688 quod
233 1605 275 1668 est
284 1545 502 1683 difficilimum,
522 1607 639 1682 docuit,
654 1623 686 1668 ut
704 1607 822 1670 nosmet
853 1636 855 1640 ·

133 1685 212 1768 ipsos
241 1687 448 1768 nosceremus:
474 1686 554 1750 c'us
580 1691 718 1770 precepti
739 1705 821 1749 tanta

134 1771 205 1842 vie,
226 1785 305 1829 tanta
326 1768 466 1844 sententia
520 1814 544 1845 y,
564 1787 597 1830 ut
620 1787 656 1830 ea
676 1787 737 1828 non
759 1770 824 1829 ho·-

135 1851 210 1910 mini
229 1851 375 1931 cuipiam,
397 1850 447 1912 sed
468 1849 618 1932 Delphico
634 1849 692 1912 deu
712 1849 825 1926 nibueae

134 1946 226 1992 tenu.

185 2029 231 2090 59.
250 2009 326 2071 Nam
339 2011 430 2096 quise
449 2010 509 2093 ipse
521 2011 598 2072 norit
608 2055 619 2084 ‚
630 2011 757 2091 primitm
772 2009 825 2071 ali-

138 2091 211 2174 quid
237 2091 340 2154 sentiet
364 2092 394 2155 se
418 2093 525 2154 habete
550 2091 710 2164 divinum,
735 2091 828 2174 inge-

138 2175 282 2254 niumque
304 2175 334 2233 in
360 2173 388 2234 se
410 2173 519 2248 suum,
542 2173 616 2242 sicut
635 2169 825 2232 'simulacrum

139 2253 294 2334 aliquod,
325 2254 489 2316 dedicatum
518 2252 658 2336 putabit3
684 2259 830 2336 tantoque

139 2353 264 2395 munere
273 2335 395 2396 deorum
408 2334 520 2417 semper·
532 2335 651 2418 dignum
668 2332 775 2476 αῐὶῗὶὀ
794 2334 828 2396 δέ

140 2414 249 2491 faciet,
267 2415 429 2491 &sentient
446 2417 497 2488 St,
518 2435 609 2498 quum
629 2412 659 2476 se
676 2415 707 2494 ip
758 2435 829 2497 pen·

141 2495 298 2577 fpexerit,
320 2501 472 2580 totumque
496 2497 638 2569 tentarit,
662 2495 831 2579 intelliget,

143 2579 394 2662 quemadmodum
411 2601 428 2639 a
445 2595 544 2639 natura
556 2577 723 2638 subomams
734 2580 770 2638 'in
782 2578 831 2638 ti⁴

142 2681 206 2724 tam
225 2664 366 2737 venerit,
390 2673 551 2744 quantaque
573 2653 759 2718 instrumente
778 2657 832 2731 lia·

144 2743 217 2808 beat
236 2743 273 2804 ad
291 2742 480 2807 obtinendam
498 2738 771 2883 adipiscendfimque
790 2734 836 2806 see

704 2839 737 2902 ll
