1954 3604
18 349 20 450 l

213 2541 421 2622 ‘tranquillitati'
435 2541 522 2598 animi
541 2583 550 2611 ‚
578 2555 606 2597 at

213 2622 345 2705 ·quidem
356 2639 410 2680 nec
422 2620 498 2680 anxii
509 2617 596 2678 sumti
608 2559 691 2690 sunt,
711 2617 742 2676 δι
757 2637 824 2678 cum
842 2639 910 2700 gra·

210 2706 310 2766 'vitate
332 2697 544 2778 constantiaque
565 2696 675 2759 visluri.
696 2695 775 2776 Quae
795 2699 834 2758 eb
853 2697 909 2758 ·fa-

212 2784 320 2858 „citou
339 2779 401 2844 sunt
413 2777 613 2864 philosophis,
632 2782 692 2860 quo
712 2778 809 2842 minus
827 2779 908 2842 mul-

220 261 292 357 148
352 264 440 334 vr
473 275 731 350 orarem&

215 397 306 461 quum
322 375 384 458 ejus
397 375 624 440 administranda
634 377 808 460 potestatem
817 379 902 457 'aliit3

215 457 390 540 laudemque
421 458 626 519 concederent.
654 459 772 538 Quibus
803 475 900 521 autem

215 537 279 600 talis
296 540 374 600 nulla
394 542 429 600 sit
440 537 538 610 causa,
555 540 580 597 si
600 538 787 619 despicerese
806 540 902 599 dicant

215 629 275 692 ca,
333 641 357 678 ae
376 620 507 700 plerique
525 617 858 699 admirantur‚‘imperia
870 621 903 680 δ’(

215 704 292 782 'mag‘
318 719 423 770 ratus,
444 701 479 759 iis
501 717 561 758 non
585 699 679 758 modlt
707 719 768 758 non
794 697 902 770 laudi,

211 783 319 842 'verirm
335 781 423 841 etiam
441 780 515 838 vitio
522 778 656 838 'claudum
669 796 759 858 puto:
777 797 903 859 quorum

218 858 358 939 judicium
378 857 486 931 ineo,
508 859 590 939 quud
617 859 739 940 gloriam
762 873 904 918 contem-

216 958 291 1002 nunt
306 942 339 1000 &
362 961 417 1020 pro
439 937 530 1000 nihilo
550 954 670 1018 purant,
693 937 811 998 difficile
828 937 903 998 fallu

215 1018 261 1082 'eil
281 1041 341 1080 non
361 1019 506 1100 probare;
526 1017 575 1078 sed
589 1017 725 1082 videntur
740 1018 856 1078 labores
871 1019 904 1079 δι

217 1099 363 1163 molestias
381 1119 442 1160 tum
458 1097 672 1171 offensionum,
691 1116 753 1158 rum
770 1096 904 1178 repulsa-

215 1195 304 1255 rum,
324 1183 405 1262 quasi
425 1178 581 1260 quamdam
599 1181 790 1260 ignominiam
812 1180 906 1240 time·

220 1281 272 1336 re,
291 1260 323 1320 8(
333 1259 490 1321 infamiam.
505 1258 576 1319 Sunt
591 1262 689 1331 enim,
703 1262 753 1338 qui
771 1261 802 1317 in
818 1245 904 1320 relius

221 1343 372 1402 contrariis
390 1357 492 1420 parum
512 1339 567 1399 sibi
587 1335 741 1412 constent,
762 1338 906 1418 voluptu-¹

220 1438 283 1482 tem
309 1419 487 1480 severissime
511 1435 717 1489 contemnant,
743 1419 773 1476 in
799 1419 905 1479 dolore

222 1503 280 1561 tim
297 1499 468 1561 molliores:
489 1499 611 1580 gloriam
629 1499 707 1580 negli
727 1515 796 1572 ant,
822 1497 905 1558 sran-

216 1597 325 1665 'gamut
345 1579 480 1642 infamia:
500 1595 665 1660 atque-eaq
687 1581 693 1594 ‘
715 1598 837 1640 crunon
857 1578 906 1640 sa·

217 1665 259 1724 ‘tis
276 1658 446 1722 constanter.
767 1659 770 1664 ’

215 1769 218 1774 ·
263 1761 314 1819 72.
334 1740 392 1801 Sed
410 1743 464 1812 iis,
484 1740 534 1820 qui
551 1737 658 1798 habent
670 1759 689 1797 a
704 1753 804 1796 natura
819 1735 907 1833 adiu:

223 1840 322 1885 menta
343 1839 439 1884 rerum
457 1819 668 1914 gerendarum,
687 1815 797 1911 abjesti
819 1839 906 1894 omnr

222 1901 433 1972 mallatione,
458 1898 634 1979 adrprscendr
655 1895 853 1980 magistratus,
876 1899 907 1958 &

214 1982 352 2067 gerenda
376 1979 534 2060 respublica
554 1975 617 2038 est:
644 1996 699 2036 nec
716 1979 796 2037 enim
822 1979 909 2038 aliter

214 2083 275 2126 ‘aut
294 2065 357 2146 regi
375 2063 476 2122 civitas
490 2075 559 2132 ‚aut
576 2057 712 2117 declarari
730 2059 819 2116 auirni
840 2079 910 2118 ma-

226 2145 347 2228 gnitudo
366 2139 468 2223 potest.
481 2135 699 2220 Capessentibus
711 2154 808 2198 autem
825 2158 908 2198 rem-

225 2225 371 2306 publicam
397 2221 486 2281 niltillt
513 2221 634 2288 minus,
660 2216 747 2298 quim
770 2217 909 2297 philoso-

225 2306 309 2386 phis,
330 2302 404 2362 haud
425 2298 483 2358 scio
499 2320 535 2357 an
553 2300 646 2378 magis
662 2301 768 2370 eriam,
785 2298 818 2356 &
836 2320 910 2358 ma·-

227 2381 414 2467 gnificemia'‚
432 2377 661 2458 &despicientia
679 2376 843 2436 adhibenda
866 2377 911 2441 est

223 2481 321 2526 rerum
338 2463 546 2530 humanarum,
564 2458 615 2530 &‚
634 2456 805 2537 quamsaepe
821 2457 911 2533 dico,

627 2557 664 2597 ue
692 2536 823 2598 securitas
844 2557 856 2610 ;
885 2542 911 2598 si
