1928 3602
164 265 322 332 Lrnnn
348 281 629 334 recurrunt.
697 264 749 356 65

64 380 102 441 de
119 377 268 460 perjuriis:
283 377 320 436 de
335 374 446 437 incestis
455 377 525 438 nihil
534 377 597 440 sani
609 378 665 441 hoc
679 381 748 458 qui-

64 461 135 520 dem
152 461 221 520 loco
240 457 441 536 disputandum
459 455 507 518 est

69 537 73 544 ’
107 560 156 613 41.
169 541 264 600 Donis
281 539 360 617 impii
371 561 404 598 ne
411 539 526 618 placate
538 541 659 598 audeant
671 540 749 601 deos·

64 617 217 680 Platonem
230 617 364 688 audiant,
378 620 425 698 qui
438 635 517 680 vetat
528 618 676 692 dubitare,
689 619 748 756 Ἔιᾶ

62 702 99 760 sit
110 719 212 760 mente
226 699 336 758 futurus
350 697 435 770 deus3
446 719 535 778 quum
544 702 588 759 vir
598 719 687 760 nemo
716 719 748 760 o·

61 803 116 842 nus
134 779 170 839 ab
187 779 323 860 improbo
346 775 374 838 se
395 778 494 840 donari
511 781 594 840 velit.
608 778 750 860 Diligen-

60 863 101 920 tia
115 877 257 920 votorum
274 858 337 918 satis
348 861 378 917 in
395 858 459 941 lege
475 857 548 918 diua
563 857 621 932 est,
637 881 669 918 ac
684 862 748 921 voti

62 939 204 1021 sponsio,
220 938 277 1019 qui
297 937 458 1027 obligamur
480 940 548 998 deo.
567 938 658 997 Poena
674 939 748 999 vero

61 1021 182 1080 violatae
200 1021 346 1100 religionis
357 1017 459 1097 rustam
473 1018 678 1078 recusationem
687 1039 748 1078 non

61 1100 163 1160 habet.
194 1099 277 1176 Quid
302 1119 358 1179 ego
384 1099 431 1158 hic
457 1097 660 1159 sceleratorum
687 1116 750 1158 utar

63 1179 227 1261 exemplis?
246 1200 368 1260 quorum
389 1179 452 1240 sunt
473 1180 566 1258 plenae
589 1179 747 1261 tragoediae.

65 1258 145 1340 Quae
164 1277 231 1322 ante
253 1259 354 1319 oculos
372 1259 434 1320 sunt
452 1304 461 1334 ‚
485 1280 519 1320 ea
540 1261 635 1339 potius
659 1262 747 1323 atrion

84 1359 186 1400 antur:
198 1341 252 1400 etsi
268 1339 329 1398 haec
342 1341 579 1400 commemoratio
592 1360 698 1400 vereor
707 1360 745 1402 ne

62 1362 286 1501 iuprn'hominis
301 1417 446 1480 fortunam
460 1419 515 1480 elle
532 1419 662 1481 videatur
676 1440 685 1492 ;
701 1438 747 1481 ta·

63 1523 155 1572 men,
177 1502 314 1580 quoniam
330 1500 401 1558 mihi
416 1499 507 1560 sermo
523 1497 565 1559 est
578 1499 655 1580 apud
671 1519 746 1574 vos,

62 1582 135 1642 nihil
152 1581 282 1640 reticebo
297 1599 307 1651 3
329 1582 474 1660 velimque
493 1579 550 1640 hoc
567 1625 577 1655 ,
601 1579 681 1660 quod
698 1579 748 1640 lo-

84 1684 155 1732 uar,
178 1661 231 1719 diis
249 1660 456 1720 immortalibus
473 1678 583 1742 gratum
597 1663 692 1740 potius
704 1663 749 1722 vi·

63 1683 145 1814 ieri,
179 1741 248 1800 uim
262 1760 359 1820 grave.
374 1739 419 1768 Ψ
435 1741 646 1809 Pauculanesuat.
698 1759 702 1766 ·

103 1819 162 1880 XV
196 1864 205 1880 .
229 1817 340 1880 Omnia
358 1838 420 1880 tum
443 1821 621 1900 perditorum
640 1823 748 1883 civium

62 1899 191 1974 scelere,
204 1897 320 1978 disceliu
334 1920 418 1974 meo,
427 1904 478 1961 teli
499 1903 598 1962 ionum
611 1899 672 1980 jura
681 1903 754 1983 pol-¹
798 1957 801 1964 ⁴

61 1979 121 2058 luta
141 1979 227 2042 sunt:
244 1981 342 2040 vexati
360 1977 446 2041 nostri
469 1923 556 2044 [iares
574 1981 748 2042 familiares:

61 2063 91 2122 in
114 2081 221 2122 eorum
242 2059 355 2119 sedibus
375 2057 584 2121 exaedificatum
606 2062 749 2140 templum

61 2141 202 2203 Licentiae
213 2137 324 2221 :pulsus
338 2161 355 2199 a
371 2141 495 2202 delubris
509 2143 553 2214 is,
567 2143 616 2218 qui
629 2141 679 2200 illa
688 2139 751 2210 serq

61 2239 152 2284 varat.
170 2217 386 2299 Circumspicite
405 2221 535 2282 celeriter
548 2221 644 2280 animo
657 2219 748 2300 (nihil

62 2304 143 2362 enirn
171 2302 275 2360 attinet
299 2320 472 2382 quemquam
497 2301 673 2382 nominari)
698 2305 747 2381 qui

61 2382 118 2442 tint
136 2400 234 2440 rerum
243 2382 334 2440 exitus
348 2379 503 2442 consecuti.
516 2379 594 2453 Nos,
609 2383 661 2460 qui
669 2382 747 2442 illam
791 2382 793 2386 ’

62 2459 213 2522 custodem
236 2461 338 2532 urbis,
361 2461 494 2522 omnibus
517 2463 622 2540 ereptis
647 2460 746 2526 nostris

61 2541 147 2602 rebus
169 2563 203 2600 ac
221 2539 366 2620 perditis,
383 2541 485 2600 violari
503 2542 538 2600 ab
558 2543 651 2622 impiis
670 2546 746 2623 pasti

63 2643 120 2682 non
141 2619 237 2680 sumus
252 2651 266 2694 ,·
284 2639 405 2700 eamque
430 2617 478 2681 ex'
491 2617 584 2680 nostra
606 2622 696 2683 domo
714 2624 746 2684 in

63 2703 149 2780 ipsius
167 2703 257 2781 patris
273 2699 393 2762 domum
403 2699 572 2775 detulimus,
585 2699 690 2780 judicia
704 2701 748 2762 se-

64 2780 158 2860 nonis,
177 2779 266 2844 ltaliae
281 2825 292 2856 ‚
307 2781 436 2864 gentium
454 2781 579 2868 denique
597 2786 751 2860 omniurn„
