1956 3614
180 264 229 343 '1'6
328 269 406 358 Da
438 283 688 360 Lactucae,¹

177 384 258 468 quod
278 382 381 445 habeat
399 387 531 446 notitiam
544 385 747 467 aliquamdei3
767 386 859 469 ipsisr·

177 484 236 546 que
249 466 279 524 in
290 465 453 544 hominibus
466 465 543 526 nulla
555 487 625 548 gens
636 465 676 528 est
689 488 783 550 neque
797 487 858 530 tam

162 544 384 618 immansueta,
398 566 495 627 neque
509 565 568 607 tam
588 546 669 621 fera,
732 571 756 608 ae
774 570 858 625 non,

178 626 267 686 etiam
281 628 307 689 s't
325 629 438 708 iguoiet
452 627 567 708 qualem
579 628 683 690 habere
716 643 784 694 eum
803 624 857 694 de*-

180 722 255 768 cett.
268 724 396 780 ‚atamen
416 707 580 767 habendum
600 706 676 771 sciat.

167 863 171 869 .
196 805 198 810 ·
221 807 238 846 2
260 829 269 846 .
291 785 335 846 Ex
352 809 410 869 quo
428 785 548 868 efficitur
566 787 653 866 illud„
672 805 704 851 ut
715 791 739 862 is
753 809 859 872 agnos,-

178 882 225 927 cat
257 886 345 949 ⁴eunt
366 913 377 943 ,
397 871 447 949 qui
468 913 478 943 ,
498 868 575 928 unde
595 885 674 930 ortus
693 871 729 930 sit
748 914 758 944 ‚
779 873 862 965 quasi

168 947 345 1020 ,recordetur
367 992 377 1022 ‚
404 970 437 1008 ac
456 947 563 1009 noscat.
583 949 648 1008 Jam
672 951 752 1022 verb*
769 968 861 1012 virtus

180 1028 284 1092 eadem
304 1031 334 1090 in
354 1029 473 1090 homine
487 1051 520 1089 ac
540 1029 597 1090 deo
610 1027 670 1103 est,
690 1051 785 1111 neque
799 1029 861 1090 ullo

181 1107 239 1169 alio
260 1111 289 1168 in
319 1129 424 1192 genere
443 1128 591 1190 ptaeterea.
617 1105 665 1170 Est
683 1131 779 1170 autem
796 1113 862 1171 vit-

182 1205 228 1250 tus
245 1187 318 1260 nihil
339 1187 436 1260 aliud,
477 1189 544 1250 uim
564 1188 642 1250 inse
661 1190 806 1271 perfetta,
828 1192 863 1255 &

170 1268 219 1340 ‚ad
239 1267 380 1329 summum
399 1211 536 1410 getducla
562 1288 684 1330 natura:
712 1269 753 1332 est
777 1273 863 1354 igitur

181 1348 294 1408 homini
313 1370 380 1410 cum
419 1370 455 1410 eo
474 1350 640 1412 similitudo.
659 1350 752 1428 Quod
772 1370 863 1433 quum

180 1429 222 1487 ita
240 1421 390 1512 s'it'‚¹quae
410 1430 527 1492 tandem
547 1429 640 1510 potest
659 1428 715 1492 elle
743 1435 864 1512 propior

182 1509 324 1570 certiorve
346 1513 479 1592 cognatio
501 1509 511 1570 l
533 1508 634 1592 ltaque
654 1512 690 1570 ad
711 1511 863 1572 hominum

182 1589 403 1651 commoditates
425 1591 457 1651 δι
471 1590 535 1652 usus
545 1609 653 1654 tantam
663 1612 758 1653 retum
774 1593 864 1654 uber·-

182 1686 272 1730 tatem
292 1669 391 1732 natura
408 1670 509 1754 largita
528 1669 588 1752 est,
608 1690 640 1733 ut
660 1692 714 1747 ea,
735 1694 799 1753 quae
818 1675 865 1755 gi,-

182 1769 329 1832 gnutttur,
350 1750 455 1812 donata
466 1750 594 1812 consulto
609 1753 710 1825 nobis,
722 1773 782 1812 non
803 1752 865 1813 for-

181 1831 256 1890 tuito
277 1847 343 1892 nata
361 1831 530 1892 videantur:
547 1852 602 1893 nec
622 1832 714 1894 sol'um
725 1853 780 1908 ea,
801 1855 866 1914 que

183 1909 309 1992 frugibus
329 1929 356 1971 at
377 1932 413 1972 ue
433 1911 527 1971 baccis
546 1929 628 1972 terrae
648 1911 730 1974 foetu
741 1913 865 1992 profun-

184 1990 309 2064 duntur,
324 1933 475 2052 sedetiam
494 1992 620 2130 fiecudes
632 2013 641 2065 3
653 1991 732 2074 qubd
752 1990 866 2073 perspif-
934 2043 937 2050 ,

185 2093 272 2132 cuum
292 2073 348 2144 sit,
361 2075 464 2152 partim
477 2091 493 2132 e
516 2092 532 2132 e
547 2071 583 2133 ad
596 2071 676 2132 usum
696 2073 867 2149 hominum,

184 2155 289 2232 pattim
310 2152 347 2212 ad
362 2151 486 2224 ,frudum
497 2197 507 2224 ,
519 2155 622 2234 partim
636 2153 673 2214 ad
691 2153 867 2214 vescendum

184 2250 358 2312 procreatas.
378 2233 464 2293 Artes
485 2233 557 2314 verb
574 2234 794 2312 innumerabiles
815 2255 867 2302 re,-

185 2329 274 2392 pertae
293 2309 374 2382 sunt,
388 2312 511 2372 docente
522 2312 621 2376 natural
632 2336 641 2373 a
652 2335 739 2395 quam
759 2316 868 2376 imitata

184 2394 276 2464 ratio,
289 2411 334 2452 res
346 2391 482 2454 advitam
492 2391 657 2456 netellarias
668 2393 785 2456 solerter
798 2417 868 2456 coo-

186 2470 281 2533 secuta
301 2469 348 2532 ell.

228 2549 281 2611 lX.
299 2549 395 2630 Ipsum
409 2571 503 2614 autem
522 2552 672 2617 hominem
692 2538 795 2614 eadem
815 2576 868 2616 na-

187 2647 250 2692 tura
269 2652 329 2691 non
340 2631 432 2691 solltm
446 2630 588 2696 celeritate
608 2635 712 2695 mentis
733 2639 868 2711 ornavit,

189 2708 238 2772 sed
258 2714 344 2774 etiam
364 2711 478 2786 sensus,
494 2733 640 2799 tamquam
652 2711 804 2789 satellites,
823 2733 868 2791 at-

189 2789 309 2869 tribuit,
325 2811 362 2854 'ac
382 2797 515 2874 nuntios;
532 2795 564 2860 δι
575 2815 670 2858 tetum
682 2795 871 2880 plurimarum
