<?xml version="1.0" encoding="UTF-8"?>
<!DOCTYPE html PUBLIC "-//W3C//DTD XHTML 1.0 Transitional//EN"
    "http://www.w3.org/TR/xhtml1/DTD/xhtml1-transitional.dtd">
<html xmlns="http://www.w3.org/1999/xhtml" xml:lang="en" lang="en">
 <head>
  <title>
</title>
<meta http-equiv="Content-Type" content="text/html;charset=utf-8" />
  <meta name='ocr-system' content='tesseract 3.04.00' />
  <meta name='ocr-capabilities' content='ocr_page ocr_carea ocr_par ocr_line ocrx_word'/>
</head>
<body>
  <div class='ocr_page' id='page_1' title='image "./mtulliiciceroni11lallgoog/mtulliiciceroni11lallgoog_0044.png"; bbox 0 0 1956 3614; ppageno 0'>
   <div class='ocr_carea' id='block_1_1' title="bbox 159 189 850 402">
    <p class='ocr_par' dir='ltr' id='par_1_1' title="bbox 159 189 850 402">
     <span class='ocr_line' id='line_1_1' title="bbox 159 189 684 290; baseline -0.008 -23"><span class='ocrx_word' id='word_1_1' title='bbox 159 189 216 290; x_wconf 66' lang='lat'>36</span> <span class='ocrx_word' id='word_1_2' title='bbox 325 191 402 262; x_wconf 71' lang='lat' dir='ltr'>Dr</span> <span class='ocrx_word' id='word_1_3' title='bbox 435 207 684 284; x_wconf 78' lang='lat' dir='ltr'>rneznus‚·</span> 
     </span>
     <span class='ocr_line' id='line_1_2' title="bbox 161 307 850 402; baseline -0.015 -33"><span class='ocrx_word' id='word_1_4' title='bbox 161 307 321 402; x_wconf 81' lang='lat' dir='ltr'>pientiam:</span> <span class='ocrx_word' id='word_1_5' title='bbox 340 311 477 390; x_wconf 87' lang='lat' dir='ltr'>quoniam</span> <span class='ocrx_word' id='word_1_6' title='bbox 498 311 640 391; x_wconf 75' lang='lat' dir='ltr'>principib</span> <span class='ocrx_word' id='word_1_7' title='bbox 658 327 753 371; x_wconf 87' lang='lat' dir='ltr'>rerum</span> <span class='ocrx_word' id='word_1_8' title='bbox 778 319 850 370; x_wconf 68' lang='lat' dir='ltr'>orna</span> 
     </span>
    </p>
   </div>
   <div class='ocr_carea' id='block_1_2' title="bbox 151 391 903 2645">
    <p class='ocr_par' dir='ltr' id='par_1_2' title="bbox 158 391 849 775">
     <span class='ocr_line' id='line_1_3' title="bbox 160 391 848 473; baseline -0.003 -22"><span class='ocrx_word' id='word_1_9' title='bbox 160 409 243 451; x_wconf 83' lang='lat' dir='ltr'>nrum</span> <span class='ocrx_word' id='word_1_10' title='bbox 263 392 344 470; x_wconf 86' lang='lat' dir='ltr'>quasi</span> <span class='ocrx_word' id='word_1_11' title='bbox 363 391 542 452; x_wconf 82' lang='lat' dir='ltr'>adumbratas</span> <span class='ocrx_word' id='word_1_12' title='bbox 559 391 758 473; x_wconf 80' lang='lat' dir='ltr'>intelligentias</span> <span class='ocrx_word' id='word_1_13' title='bbox 780 394 848 449; x_wconf 82' lang='lat' dir='ltr'>ani·-</span> 
     </span>
     <span class='ocr_line' id='line_1_4' title="bbox 159 470 849 552; baseline 0.006 -24"><span class='ocrx_word' id='word_1_14' title='bbox 159 489 213 546; x_wconf 80' lang='lat' dir='ltr'>mo</span> <span class='ocrx_word' id='word_1_15' title='bbox 238 490 270 530; x_wconf 90' lang='lat' dir='ltr'>ac</span> <span class='ocrx_word' id='word_1_16' title='bbox 291 489 386 532; x_wconf 89' lang='lat' dir='ltr'>mente</span> <span class='ocrx_word' id='word_1_17' title='bbox 411 473 608 552; x_wconf 57' lang='lat' dir='ltr'>conceperim</span> <span class='ocrx_word' id='word_1_18' title='bbox 632 470 733 552; x_wconf 83' lang='lat' dir='ltr'>quibus</span> <span class='ocrx_word' id='word_1_19' title='bbox 760 470 849 541; x_wconf 59' lang='lat' dir='ltr'>illuss-</span> 
     </span>
     <span class='ocr_line' id='line_1_5' title="bbox 160 551 847 632; baseline 0 -20"><span class='ocrx_word' id='word_1_20' title='bbox 160 566 270 626; x_wconf 86' lang='lat' dir='ltr'>tratus,</span> <span class='ocrx_word' id='word_1_21' title='bbox 288 551 424 632; x_wconf 66' lang='lat' dir='ltr'>sapientiai</span> <span class='ocrx_word' id='word_1_22' title='bbox 443 554 536 623; x_wconf 88' lang='lat' dir='ltr'>duce,</span> <span class='ocrx_word' id='word_1_23' title='bbox 550 551 661 612; x_wconf 93' lang='lat' dir='ltr'>bonum</span> <span class='ocrx_word' id='word_1_24' title='bbox 676 553 791 624; x_wconf 84' lang='lat' dir='ltr'>virum,</span> <span class='ocrx_word' id='word_1_25' title='bbox 812 551 847 612; x_wconf 88' lang='lat'>&amp;</span> 
     </span>
     <span class='ocr_line' id='line_1_6' title="bbox 159 629 848 713; baseline 0.001 -22"><span class='ocrx_word' id='word_1_26' title='bbox 159 629 201 692; x_wconf 88' lang='lat' dir='ltr'>ob</span> <span class='ocrx_word' id='word_1_27' title='bbox 224 650 288 692; x_wconf 87' lang='lat' dir='ltr'>eam</span> <span class='ocrx_word' id='word_1_28' title='bbox 310 631 400 713; x_wconf 82' lang='lat' dir='ltr'>ipsam</span> <span class='ocrx_word' id='word_1_29' title='bbox 422 631 533 694; x_wconf 81' lang='lat' dir='ltr'>causam</span> <span class='ocrx_word' id='word_1_30' title='bbox 555 650 653 693; x_wconf 82' lang='lat' dir='ltr'>cernar</span> <span class='ocrx_word' id='word_1_31' title='bbox 674 630 702 692; x_wconf 92' lang='lat' dir='ltr'>se</span> <span class='ocrx_word' id='word_1_32' title='bbox 726 630 848 692; x_wconf 77' lang='lat' dir='ltr'>beatum</span> 
     </span>
     <span class='ocr_line' id='line_1_7' title="bbox 158 708 235 775; baseline -0.052 0"><span class='ocrx_word' id='word_1_33' title='bbox 158 708 235 775; x_wconf 84' lang='lat' dir='ltr'>sore.</span> 
     </span>
    </p>

    <p class='ocr_par' dir='ltr' id='par_1_3' title="bbox 154 791 903 1924">
     <span class='ocr_line' id='line_1_8' title="bbox 202 791 849 875; baseline 0.006 -23"><span class='ocrx_word' id='word_1_34' title='bbox 202 791 338 854; x_wconf 89' lang='lat' dir='ltr'><strong>XXIII.</strong></span> <span class='ocrx_word' id='word_1_35' title='bbox 365 791 441 854; x_wconf 85' lang='lat' dir='ltr'>Nam</span> <span class='ocrx_word' id='word_1_36' title='bbox 458 814 548 875; x_wconf 90' lang='lat' dir='ltr'>quum</span> <span class='ocrx_word' id='word_1_37' title='bbox 573 794 683 854; x_wconf 86' lang='lat' dir='ltr'>animus</span> <span class='ocrx_word' id='word_1_38' title='bbox 697 837 706 867; x_wconf 93' lang='lat'><strong>‚</strong></span> <span class='ocrx_word' id='word_1_39' title='bbox 720 793 849 874; x_wconf 73' lang='lat' dir='ltr'>cognitis</span> 
     </span>
     <span class='ocr_line' id='line_1_9' title="bbox 159 872 848 956; baseline 0 -22"><span class='ocrx_word' id='word_1_40' title='bbox 159 874 362 956; x_wconf 85' lang='lat' dir='ltr'>perceptisque</span> <span class='ocrx_word' id='word_1_41' title='bbox 383 876 556 946; x_wconf 82' lang='lat' dir='ltr'>virtutibus,</span> <span class='ocrx_word' id='word_1_42' title='bbox 577 895 593 932; x_wconf 83' lang='lat' dir='ltr'>a</span> <span class='ocrx_word' id='word_1_43' title='bbox 610 876 739 953; x_wconf 90' lang='lat' dir='ltr'>corporis</span> <span class='ocrx_word' id='word_1_44' title='bbox 760 872 848 935; x_wconf 88' lang='lat' dir='ltr'>obse-</span> 
     </span>
     <span class='ocr_line' id='line_1_10' title="bbox 158 951 848 1036; baseline 0.003 -22"><span class='ocrx_word' id='word_1_45' title='bbox 158 956 231 1034; x_wconf 88' lang='lat' dir='ltr'>quio</span> <span class='ocrx_word' id='word_1_46' title='bbox 248 955 488 1036; x_wconf 58' lang='lat' dir='ltr'>,indulgentiaque</span> <span class='ocrx_word' id='word_1_47' title='bbox 511 951 685 1028; x_wconf 80' lang='lat' dir='ltr'>discesserit,</span> <span class='ocrx_word' id='word_1_48' title='bbox 705 953 848 1034; x_wconf 79' lang='lat' dir='ltr'>volupta-</span> 
     </span>
     <span class='ocr_line' id='line_1_11' title="bbox 158 1033 847 1116; baseline -0.007 -19"><span class='ocrx_word' id='word_1_49' title='bbox 158 1050 311 1116; x_wconf 80' lang='lat' dir='ltr'>temque,</span> <span class='ocrx_word' id='word_1_50' title='bbox 340 1039 412 1096; x_wconf 83' lang='lat' dir='ltr'>sicut</span> <span class='ocrx_word' id='word_1_51' title='bbox 437 1035 532 1095; x_wconf 89' lang='lat' dir='ltr'>lahem</span> <span class='ocrx_word' id='word_1_52' title='bbox 556 1035 682 1114; x_wconf 77' lang='lat' dir='ltr'>aliquant</span> <span class='ocrx_word' id='word_1_53' title='bbox 704 1033 815 1096; x_wconf 86' lang='lat' dir='ltr'>decoris</span> <span class='ocrx_word' id='word_1_54' title='bbox 832 1077 847 1108; x_wconf 76' lang='grc'><strong>,</strong></span> 
     </span>
     <span class='ocr_line' id='line_1_12' title="bbox 157 1113 848 1196; baseline -0.003 -18"><span class='ocrx_word' id='word_1_55' title='bbox 157 1113 346 1195; x_wconf 82' lang='lat' dir='ltr'>oppresserit,</span> <span class='ocrx_word' id='word_1_56' title='bbox 368 1136 487 1176; x_wconf 87' lang='lat' dir='ltr'>omnem</span> <span class='ocrx_word' id='word_1_57' title='bbox 510 1135 547 1174; x_wconf 87' lang='lat' dir='ltr'>ue</span> <span class='ocrx_word' id='word_1_58' title='bbox 559 1117 666 1174; x_wconf 64' lang='lat' dir='ltr'>mortis,</span> <span class='ocrx_word' id='word_1_59' title='bbox 679 1113 848 1196; x_wconf 68' lang='lat' dir='ltr'>dolorisque</span> 
     </span>
     <span class='ocr_line' id='line_1_13' title="bbox 157 1137 903 1277; baseline -0.005 -19"><span class='ocrx_word' id='word_1_60' title='bbox 157 1197 294 1258; x_wconf 81' lang='lat' dir='ltr'>timorem</span> <span class='ocrx_word' id='word_1_61' title='bbox 316 1192 467 1277; x_wconf 86' lang='lat' dir='ltr'>effugerit,</span> <span class='ocrx_word' id='word_1_62' title='bbox 489 1137 714 1275; x_wconf 81' lang='lat' dir='ltr'>societatemque</span> <span class='ocrx_word' id='word_1_63' title='bbox 738 1197 845 1254; x_wconf 77' lang='lat' dir='ltr'>caritu-</span> <span class='ocrx_word' id='word_1_64' title='bbox 870 1257 871 1260; x_wconf 60' lang='grc'>,</span> <span class='ocrx_word' id='word_1_65' title='bbox 899 1239 903 1243; x_wconf 84' lang='lat'><em>-</em></span> 
     </span>
     <span class='ocr_line' id='line_1_14' title="bbox 158 1274 846 1356; baseline 0.003 -22"><span class='ocrx_word' id='word_1_66' title='bbox 158 1279 195 1334; x_wconf 84' lang='lat' dir='ltr'>tis</span> <span class='ocrx_word' id='word_1_67' title='bbox 227 1278 328 1336; x_wconf 88' lang='lat' dir='ltr'>coierit</span> <span class='ocrx_word' id='word_1_68' title='bbox 351 1297 418 1336; x_wconf 90' lang='lat' dir='ltr'>cum</span> <span class='ocrx_word' id='word_1_69' title='bbox 448 1274 501 1335; x_wconf 91' lang='lat' dir='ltr'>suis</span> <span class='ocrx_word' id='word_1_70' title='bbox 524 1321 533 1349; x_wconf 93' lang='lat'>‚</span> <span class='ocrx_word' id='word_1_71' title='bbox 560 1276 717 1356; x_wconf 82' lang='lat' dir='ltr'>omnesque</span> <span class='ocrx_word' id='word_1_72' title='bbox 741 1276 846 1336; x_wconf 58' lang='lat' dir='ltr'>nature</span> 
     </span>
     <span class='ocr_line' id='line_1_15' title="bbox 158 1353 847 1437; baseline -0.001 -21"><span class='ocrx_word' id='word_1_73' title='bbox 158 1353 349 1435; x_wconf 72' lang='lat' dir='ltr'>conjunilos,</span> <span class='ocrx_word' id='word_1_74' title='bbox 363 1353 427 1416; x_wconf 88' lang='lat' dir='ltr'>suos</span> <span class='ocrx_word' id='word_1_75' title='bbox 444 1355 574 1431; x_wconf 87' lang='lat' dir='ltr'>duxerit,</span> <span class='ocrx_word' id='word_1_76' title='bbox 588 1355 753 1437; x_wconf 88' lang='lat' dir='ltr'>cultumque</span> <span class='ocrx_word' id='word_1_77' title='bbox 771 1355 847 1416; x_wconf 90' lang='lat' dir='ltr'>deo-</span> 
     </span>
     <span class='ocr_line' id='line_1_16' title="bbox 156 1435 845 1519; baseline 0.001 -23"><span class='ocrx_word' id='word_1_78' title='bbox 156 1457 244 1512; x_wconf 78' lang='lat' dir='ltr'>rum,</span> <span class='ocrx_word' id='word_1_79' title='bbox 262 1437 293 1497; x_wconf 88' lang='lat'>&amp;</span> <span class='ocrx_word' id='word_1_80' title='bbox 313 1458 413 1518; x_wconf 84' lang='lat' dir='ltr'>puram</span> <span class='ocrx_word' id='word_1_81' title='bbox 432 1438 602 1519; x_wconf 87' lang='lat' dir='ltr'>religionem</span> <span class='ocrx_word' id='word_1_82' title='bbox 619 1435 786 1515; x_wconf 86' lang='lat' dir='ltr'>susceperit,</span> <span class='ocrx_word' id='word_1_83' title='bbox 810 1437 845 1497; x_wconf 87' lang='lat'>&amp;</span> 
     </span>
     <span class='ocr_line' id='line_1_17' title="bbox 157 1516 841 1598; baseline 0 -20"><span class='ocrx_word' id='word_1_84' title='bbox 157 1520 304 1592; x_wconf 73' lang='lat' dir='ltr'>exacuerit</span> <span class='ocrx_word' id='word_1_85' title='bbox 325 1517 424 1592; x_wconf 89' lang='lat' dir='ltr'>illam,</span> <span class='ocrx_word' id='word_1_86' title='bbox 436 1535 467 1578; x_wconf 89' lang='lat' dir='ltr'>ut</span> <span class='ocrx_word' id='word_1_87' title='bbox 487 1517 660 1590; x_wconf 87' lang='lat' dir='ltr'>oculorum,</span> <span class='ocrx_word' id='word_1_88' title='bbox 678 1519 718 1576; x_wconf 90' lang='lat' dir='ltr'>sic</span> <span class='ocrx_word' id='word_1_89' title='bbox 734 1516 841 1598; x_wconf 85' lang='lat' dir='ltr'>ingenii</span> 
     </span>
     <span class='ocr_line' id='line_1_18' title="bbox 157 1593 846 1680; baseline 0 -22"><span class='ocrx_word' id='word_1_90' title='bbox 157 1601 272 1680; x_wconf 68' lang='lat' dir='ltr'>aciem,</span> <span class='ocrx_word' id='word_1_91' title='bbox 294 1599 330 1660; x_wconf 86' lang='lat' dir='ltr'>ad</span> <span class='ocrx_word' id='word_1_92' title='bbox 347 1599 425 1658; x_wconf 80' lang='lat' dir='ltr'>hona</span> <span class='ocrx_word' id='word_1_93' title='bbox 447 1597 620 1680; x_wconf 81' lang='lat' dir='ltr'>deligenda,</span> <span class='ocrx_word' id='word_1_94' title='bbox 636 1597 667 1656; x_wconf 87' lang='lat'>&amp;</span> <span class='ocrx_word' id='word_1_95' title='bbox 686 1593 846 1674; x_wconf 79' lang='lat' dir='ltr'>rejicienda.</span> 
     </span>
     <span class='ocr_line' id='line_1_19' title="bbox 156 1677 844 1760; baseline 0.001 -21"><span class='ocrx_word' id='word_1_96' title='bbox 156 1682 319 1758; x_wconf 79' lang='lat' dir='ltr'>contraria3</span> <span class='ocrx_word' id='word_1_97' title='bbox 339 1699 402 1760; x_wconf 81' lang='lat' dir='ltr'>quae</span> <span class='ocrx_word' id='word_1_98' title='bbox 425 1681 515 1738; x_wconf 87' lang='lat' dir='ltr'>virtus</span> <span class='ocrx_word' id='word_1_99' title='bbox 537 1697 574 1738; x_wconf 85' lang='lat' dir='ltr'>ex</span> <span class='ocrx_word' id='word_1_100' title='bbox 597 1677 780 1758; x_wconf 81' lang='lat' dir='ltr'>providendo</span> <span class='ocrx_word' id='word_1_101' title='bbox 799 1677 844 1740; x_wconf 90' lang='lat' dir='ltr'>est</span> 
     </span>
     <span class='ocr_line' id='line_1_20' title="bbox 155 1757 845 1840; baseline 0.003 -20"><span class='ocrx_word' id='word_1_102' title='bbox 155 1761 304 1840; x_wconf 74' lang='lat' dir='ltr'>appellata</span> <span class='ocrx_word' id='word_1_103' title='bbox 331 1759 499 1840; x_wconf 79' lang='lat' dir='ltr'>prudentia:</span> <span class='ocrx_word' id='word_1_104' title='bbox 525 1758 595 1839; x_wconf 90' lang='lat' dir='ltr'>quid</span> <span class='ocrx_word' id='word_1_105' title='bbox 621 1779 658 1819; x_wconf 92' lang='lat' dir='ltr'>eo</span> <span class='ocrx_word' id='word_1_106' title='bbox 682 1757 764 1831; x_wconf 87' lang='lat' dir='ltr'>dici,</span> <span class='ocrx_word' id='word_1_107' title='bbox 793 1776 845 1822; x_wconf 76' lang='lat' dir='ltr'>aur</span> 
     </span>
     <span class='ocr_line' id='line_1_21' title="bbox 154 1838 591 1924; baseline -0.016 -21"><span class='ocrx_word' id='word_1_108' title='bbox 154 1843 315 1924; x_wconf 82' lang='lat' dir='ltr'>excogitari</span> <span class='ocrx_word' id='word_1_109' title='bbox 333 1842 440 1920; x_wconf 85' lang='lat' dir='ltr'>poterit</span> <span class='ocrx_word' id='word_1_110' title='bbox 458 1838 591 1899; x_wconf 76' lang='lat' dir='ltr'>beatius?</span> 
     </span>
    </p>

    <p class='ocr_par' dir='ltr' id='par_1_4' title="bbox 151 1917 857 2645">
     <span class='ocr_line' id='line_1_22' title="bbox 156 1917 845 2002; baseline 0.01 -29"><span class='ocrx_word' id='word_1_111' title='bbox 156 1969 158 1973; x_wconf 87' lang='lat'>.</span> <span class='ocrx_word' id='word_1_112' title='bbox 199 1922 249 1983; x_wconf 87' lang='lat'>61.</span> <span class='ocrx_word' id='word_1_113' title='bbox 275 1920 415 2002; x_wconf 89' lang='lat' dir='ltr'>Idemque</span> <span class='ocrx_word' id='word_1_114' title='bbox 444 1939 533 2000; x_wconf 89' lang='lat' dir='ltr'>quum</span> <span class='ocrx_word' id='word_1_115' title='bbox 560 1917 694 1992; x_wconf 86' lang='lat' dir='ltr'>coelum,</span> <span class='ocrx_word' id='word_1_116' title='bbox 721 1933 845 1995; x_wconf 56' lang='lat' dir='ltr'>terras4</span> 
     </span>
     <span class='ocr_line' id='line_1_23' title="bbox 155 2000 840 2082; baseline -0.006 -18"><span class='ocrx_word' id='word_1_117' title='bbox 155 2005 273 2076; x_wconf 85' lang='lat' dir='ltr'>maria,</span> <span class='ocrx_word' id='word_1_118' title='bbox 298 2019 451 2082; x_wconf 89' lang='lat' dir='ltr'>rerumque</span> <span class='ocrx_word' id='word_1_119' title='bbox 473 2000 603 2059; x_wconf 90' lang='lat' dir='ltr'>omnium</span> <span class='ocrx_word' id='word_1_120' title='bbox 620 2016 749 2059; x_wconf 73' lang='lat' dir='ltr'>naturam</span> <span class='ocrx_word' id='word_1_121' title='bbox 770 2020 840 2081; x_wconf 88' lang='lat' dir='ltr'>per·</span> 
     </span>
     <span class='ocr_line' id='line_1_24' title="bbox 153 2080 841 2164; baseline 0.001 -21"><span class='ocrx_word' id='word_1_122' title='bbox 153 2083 408 2164; x_wconf 81' lang='lat' dir='ltr'>spexerit‚eaque</span> <span class='ocrx_word' id='word_1_123' title='bbox 425 2081 501 2142; x_wconf 89' lang='lat' dir='ltr'>unde</span> <span class='ocrx_word' id='word_1_124' title='bbox 523 2096 686 2162; x_wconf 72' lang='lat' dir='ltr'>generata,</span> <span class='ocrx_word' id='word_1_125' title='bbox 706 2080 765 2160; x_wconf 76' lang='lat' dir='ltr'>quo</span> <span class='ocrx_word' id='word_1_126' title='bbox 789 2100 841 2144; x_wconf 87' lang='lat' dir='ltr'>re·</span> 
     </span>
     <span class='ocr_line' id='line_1_25' title="bbox 152 2159 842 2244; baseline -0.007 -20"><span class='ocrx_word' id='word_1_127' title='bbox 152 2183 291 2236; x_wconf 78' lang='lat' dir='ltr'>currant,</span> <span class='ocrx_word' id='word_1_128' title='bbox 322 2161 468 2244; x_wconf 88' lang='lat' dir='ltr'>quando,</span> <span class='ocrx_word' id='word_1_129' title='bbox 494 2183 553 2243; x_wconf 90' lang='lat' dir='ltr'>quo</span> <span class='ocrx_word' id='word_1_130' title='bbox 577 2159 667 2236; x_wconf 81' lang='lat' dir='ltr'>modo</span> <span class='ocrx_word' id='word_1_131' title='bbox 695 2161 807 2220; x_wconf 84' lang='lat' dir='ltr'>obitura</span> <span class='ocrx_word' id='word_1_132' title='bbox 827 2207 842 2238; x_wconf 76' lang='lat'><strong>,</strong></span> 
     </span>
     <span class='ocr_line' id='line_1_26' title="bbox 154 2242 857 2326; baseline -0.014 -20"><span class='ocrx_word' id='word_1_133' title='bbox 154 2246 226 2326; x_wconf 89' lang='lat' dir='ltr'>quid</span> <span class='ocrx_word' id='word_1_134' title='bbox 245 2249 273 2304; x_wconf 91' lang='lat' dir='ltr'>in</span> <span class='ocrx_word' id='word_1_135' title='bbox 291 2242 463 2302; x_wconf 85' lang='lat' dir='ltr'>iis-mortale</span> <span class='ocrx_word' id='word_1_136' title='bbox 480 2242 511 2302; x_wconf 93' lang='lat'>&amp;</span> <span class='ocrx_word' id='word_1_137' title='bbox 530 2242 688 2314; x_wconf 86' lang='lat' dir='ltr'>caducum,</span> <span class='ocrx_word' id='word_1_138' title='bbox 704 2243 773 2322; x_wconf 89' lang='lat' dir='ltr'>quid</span> <span class='ocrx_word' id='word_1_139' title='bbox 792 2242 857 2306; x_wconf 63' lang='lat' dir='ltr'>di·‚,</span> 
     </span>
     <span class='ocr_line' id='line_1_27' title="bbox 152 2320 842 2402; baseline -0.001 -19"><span class='ocrx_word' id='word_1_140' title='bbox 152 2327 256 2402; x_wconf 64' lang='lat' dir='ltr'>vinum</span> <span class='ocrx_word' id='word_1_141' title='bbox 276 2341 470 2402; x_wconf 78' lang='lat' dir='ltr'>aeternumque</span> <span class='ocrx_word' id='word_1_142' title='bbox 495 2325 555 2394; x_wconf 89' lang='lat' dir='ltr'>sit,</span> <span class='ocrx_word' id='word_1_143' title='bbox 577 2321 702 2392; x_wconf 88' lang='lat' dir='ltr'>viderit,</span> <span class='ocrx_word' id='word_1_144' title='bbox 728 2320 842 2402; x_wconf 74' lang='lat' dir='ltr'>ipsum·¹</span> 
     </span>
     <span class='ocr_line' id='line_1_28' title="bbox 153 2403 842 2486; baseline -0.006 -23"><span class='ocrx_word' id='word_1_145' title='bbox 153 2425 213 2486; x_wconf 85' lang='lat' dir='ltr'>qne</span> <span class='ocrx_word' id='word_1_146' title='bbox 239 2425 274 2465; x_wconf 88' lang='lat' dir='ltr'>ea</span> <span class='ocrx_word' id='word_1_147' title='bbox 302 2403 503 2464; x_wconf 85' lang='lat' dir='ltr'>moderantem</span> <span class='ocrx_word' id='word_1_148' title='bbox 527 2403 733 2483; x_wconf 85' lang='lat' dir='ltr'>&amp;regentem</span> <span class='ocrx_word' id='word_1_149' title='bbox 760 2420 842 2482; x_wconf 80' lang='lat' dir='ltr'>pene</span> 
     </span>
     <span class='ocr_line' id='line_1_29' title="bbox 153 2483 842 2570; baseline 0.001 -28"><span class='ocrx_word' id='word_1_150' title='bbox 153 2483 360 2570; x_wconf 86' lang='lat' dir='ltr'>prehenderit,</span> <span class='ocrx_word' id='word_1_151' title='bbox 383 2483 498 2564; x_wconf 88' lang='lat' dir='ltr'>seseque</span> <span class='ocrx_word' id='word_1_152' title='bbox 518 2483 579 2544; x_wconf 81' lang='lat' dir='ltr'>non</span> <span class='ocrx_word' id='word_1_153' title='bbox 593 2486 658 2554; x_wconf 87' lang='lat' dir='ltr'>unis</span> <span class='ocrx_word' id='word_1_154' title='bbox 677 2484 842 2556; x_wconf 25' lang='lat' dir='ltr'>circumda-.-</span> 
     </span>
     <span class='ocr_line' id='line_1_30' title="bbox 151 2559 841 2645; baseline 0.001 -21"><span class='ocrx_word' id='word_1_155' title='bbox 151 2583 217 2638; x_wconf 72' lang='lat' dir='ltr'>rum</span> <span class='ocrx_word' id='word_1_156' title='bbox 238 2564 382 2635; x_wconf 81' lang='lat' dir='ltr'>moenibus</span> <span class='ocrx_word' id='word_1_157' title='bbox 400 2608 411 2635; x_wconf 88' lang='lat'>,</span> <span class='ocrx_word' id='word_1_158' title='bbox 431 2564 600 2645; x_wconf 85' lang='lat' dir='ltr'>popularem</span> <span class='ocrx_word' id='word_1_159' title='bbox 620 2559 737 2640; x_wconf 83' lang='lat' dir='ltr'>alicujus</span> <span class='ocrx_word' id='word_1_160' title='bbox 762 2563 841 2625; x_wconf 78' lang='lat' dir='ltr'>defi·-</span> 
     </span>
    </p>
   </div>
   <div class='ocr_carea' id='block_1_3' title="bbox 43 2643 841 2726">
    <p class='ocr_par' dir='ltr' id='par_1_5' title="bbox 43 2643 841 2726">
     <span class='ocr_line' id='line_1_31' title="bbox 43 2643 841 2726; baseline 0.001 -20"><span class='ocrx_word' id='word_1_161' title='bbox 43 2681 57 2692; x_wconf 91' lang='lat'><em>-</em></span> <span class='ocrx_word' id='word_1_162' title='bbox 155 2648 209 2716; x_wconf 86' lang='lat' dir='ltr'>niti</span> <span class='ocrx_word' id='word_1_163' title='bbox 227 2646 304 2716; x_wconf 87' lang='lat' dir='ltr'>loci,</span> <span class='ocrx_word' id='word_1_164' title='bbox 324 2645 373 2706; x_wconf 93' lang='lat' dir='ltr'>sed</span> <span class='ocrx_word' id='word_1_165' title='bbox 394 2648 489 2707; x_wconf 84' lang='lat' dir='ltr'>civem</span> <span class='ocrx_word' id='word_1_166' title='bbox 507 2649 596 2706; x_wconf 79' lang='lat' dir='ltr'>totius</span> <span class='ocrx_word' id='word_1_167' title='bbox 613 2643 733 2717; x_wconf 87' lang='lat' dir='ltr'>mundi,</span> <span class='ocrx_word' id='word_1_168' title='bbox 746 2649 841 2726; x_wconf 77' lang='lat' dir='ltr'>¹quasi</span> 
     </span>
    </p>
   </div>
   <div class='ocr_carea' id='block_1_4' title="bbox 154 2723 842 2810">
    <p class='ocr_par' dir='ltr' id='par_1_6' title="bbox 154 2723 842 2810">
     <span class='ocr_line' id='line_1_32' title="bbox 154 2723 842 2810; baseline -0.012 -14"><span class='ocrx_word' id='word_1_169' title='bbox 154 2729 237 2796; x_wconf 75' lang='lat' dir='ltr'>unius</span> <span class='ocrx_word' id='word_1_170' title='bbox 254 2725 331 2792; x_wconf 88' lang='lat' dir='ltr'>urbis</span> <span class='ocrx_word' id='word_1_171' title='bbox 351 2771 363 2800; x_wconf 82' lang='lat'>,</span> <span class='ocrx_word' id='word_1_172' title='bbox 382 2729 551 2810; x_wconf 78' lang='lat' dir='ltr'>agnoverit:</span> <span class='ocrx_word' id='word_1_173' title='bbox 570 2729 602 2806; x_wconf 82' lang='lat' dir='ltr'>in</span> <span class='ocrx_word' id='word_1_174' title='bbox 620 2725 673 2789; x_wconf 84' lang='lat' dir='ltr'>hac</span> <span class='ocrx_word' id='word_1_175' title='bbox 691 2723 740 2788; x_wconf 86' lang='lat' dir='ltr'>ille</span> <span class='ocrx_word' id='word_1_176' title='bbox 767 2746 842 2802; x_wconf 69' lang='lat' dir='ltr'>nra-g</span> 
     </span>
    </p>
   </div>
   <div class='ocr_carea' id='block_1_5' title="bbox 0 0 982 3614">
    <p class='ocr_par' dir='ltr' id='par_1_7' title="bbox 0 0 982 3614">
     <span class='ocr_line' id='line_1_33' title="bbox 0 0 982 3614; baseline 0 2"><span class='ocrx_word' id='word_1_177' title='bbox 0 0 982 3614; x_wconf 95' lang='lat' dir='ltr'> </span> 
     </span>
    </p>
   </div>
   <div class='ocr_carea' id='block_1_6' title="bbox 973 1585 983 2390">
    <p class='ocr_par' dir='ltr' id='par_1_8' title="bbox 973 1585 983 2390">
     <span class='ocr_line' id='line_1_34' title="bbox 973 1585 983 2390; baseline 0 0"><span class='ocrx_word' id='word_1_178' title='bbox 973 1585 983 2390; x_wconf 95' lang='lat' dir='ltr'> </span> 
     </span>
    </p>
   </div>
  </div>
 </body>
</html>
