1956 3614
211 289 235 362 8
360 293 436 360 Da
469 305 743 381 reorum

209 405 294 478 bam;
308 425 396 486 quum
408 404 560 484 praesertim
570 427 631 466 non
641 409 819 483 recusarem,
831 410 895 492 qno

211 487 306 544 minus
325 505 405 546 more
426 489 517 565 patrio
538 485 637 548 sedens
654 488 767 548 infolio
786 489 893 550 consu·—

210 564 334 625 lentibus
357 564 588 644 responderem,
610 567 812 650 senediutisque
833 591 895 630 non

211 646 309 706 inertis
330 663 410 726 grato
427 663 513 726 atque
532 645 652 707 honesto
671 648 805 730 fungerer
825 670 896 710 mu-

213 743 308 788 nere:
331 729 371 784 sic
393 729 471 786 enim
494 726 564 786 mihi
588 727 687 789 liceret
709 729 741 787 ὃ(
763 726 806 788 isti
829 733 896 805 rei,

213 825 302 886 quam
322 805 487 880 desideras,
503 807 534 866 &
546 807 642 868 multis
658 809 836 869 uberioribus
849 827 896 870 at-

212 905 272 1030 pue
296 883 452 966 majoribus
464 905 601 967 ‚operae‚
619 907 756 970 quantum
765 889 896 965 vellem,

236 986 293 1028 are.
614 1023 617 1028 .

255 1045 310 1108 lv.
329 1045 409 1106 Απ.
425 1046 516 1128 Atqui
531 1066 656 1120 vereor,
670 1065 707 1106 ne
726 1043 805 1106 istam
829 1069 898 1109 cau·

213 1123 274 1188 sam
292 1146 380 1186 nemo
402 1127 516 1186 noscat:
537 1129 646 1207 tibique
663 1125 775 1207 semper
794 1128 900 1188 dicen·-

214 1205 355 1284 dumsit,
372 1206 403 1264 &
422 1209 460 1266 eb
479 1209 590 1287 magis,
635 1206 695 1264 uod
709 1224 737 1266 te
755 1206 813 1286 ipse
828 1229 898 1268 mu-

215 1283 298 1360 rasti,
314 1285 345 1344 &
364 1286 440 1344 aliud
462 1286 576 1346 dicendi
592 1229 726 1346 inlimisti
745 1307 833 1367 genus
846 1308 854 1346 t
867 1306 900 1349 ut

214 1366 463 1446 quemadmodum
485 1365 604 1425 Roscius
619 1366 788 1440 ,familiaris
810 1385 898 1442 tuus,

215 1448 246 1506 in
266 1443 407 1506 senectute
427 1467 563 1506 numeros
580 1448 610 1504 in
631 1464 714 1506 cantu
735 1447 901 1522 ceciderat,

216 1525 346 1608 ipsasque
367 1526 507 1587 tardiores
525 1526 633 1587 fecerat
652 1527 756 1600 tibias,
775 1530 815 1586 sic
830 1544 861 1588 tu
884 1549 901 1587 a

217 1607 478 1680 contentionibus,
500 1607 603 1687 quibus
628 1605 743 1665 summis
760 1610 802 1666 uti
821 1606 901 1666 sole-

218 1685 287 1760 bas,
303 1687 431 1768 quotidie
445 1687 554 1746 relaxes
571 1687 697 1766 aliquid,
712 1704 743 1746 ut
757 1683 815 1762 jam
831 1709 904 1746 ora·-

217 1769 260 1828 tio
278 1784 326 1826 tua
347 1788 407 1824 non
423 1767 546 1826 multum
565 1789 582 1826 a
600 1765 836 1845 philosophorum
853 1767 901 1828 le-

218 1849 307 1906 nitate
340 1847 440 1906 absit:
469 1847 549 1927 quod
576 1844 707 1906 sustinere
737 1867 826 1926 quum
852 1848 904 1914 vel

217 1925 328 1990 summa
357 1920 483 1986 senelius
507 1923 586 2007 posse
611 1925 767 1998 videatur,
793 1925 905 1987 nullam

219 2008 272 2077 tibi
284 2030 300 2068 a
312 2009 404 2067 causis
413 2009 596 2066 vacationem
608 2005 696 2066 video
712 2006 781 2066 dari.

266 2109 312 2151 12.
328 2083 385 2166 Q.
412 2085 454 2146 At
475 2086 639 2150 mehercule
666 2106 722 2167 ego
750 2085 905 2149 arbitrabar

219 2167 300 2258 polle
322 2167 352 2228 id
373 2167 485 2248 populo
502 2165 598 2231 nostro
641 2166 758 2238 robari,
774 2168 797 2224 si
817 2181 845 2226 te
868 2165 906 2234 ad

218 2270 264 2328 jus
284 2247 518 2327 respondendum
535 2247 601 2310 dedi
624 2267 673 2308 es:
692 2245 907 2327 quamobrem,

220 2348 311 2408 quum
329 2327 474 2408 placebit,
495 2326 700 2406 experiendum
720 2325 772 2385 tibi
790 2324 908 2388 censeo.

219 2407 265 2470 M.
284 2405 338 2480 ld,
357 2409 380 2466 si
419 2405 535 2478 uidem,
554 2405 687 2484 Quinte,
706 2405 816 2468 nullum
836 2403 908 2468 esset

221 2488 251 2546 in
265 2428 441 2568 experiendo
463 2487 638 2567 periculum:
651 2485 700 2546 sed
712 2505 837 2558 vereor,
849 2506 909 2560 ne,

221 2567 292 2630 dum
314 2570 443 2628 minuere
466 2568 556 2627 velim
580 2567 736 2639 laborem,
761 2584 908 2646 augeam,

221 2666 306 2728 atque
318 2645 354 2707 ad
365 2646 444 2706 illam
459 2647 603 2708 causarum
617 2665 754 2727 operam,
768 2645 804 2704 ad
818 2665 909 2724 quam

221 2747 279 2808 ego
300 2747 457 2808 numquam
467 2772 482 2802 ,.
492 2725 550 2788 ¹nisi
565 2745 682 2807 paratus¹
698 2728 730 2786 &
751 2724 909 2790 meditatus

220 2808 348 2884 accedo,
366 2803 535 2892 adjtmgatut
556 2807 616 2871 haec
644 2804 712 2888 juris
737 2805 910 2889 interpreter
