1928 3602
244 271 399 338 Lrurrt
431 283 641 338 rururus.
702 289 771 362 13¹

87 405 105 440 n
125 383 271 458 consule,
292 401 381 466 quum
402 385 432 442 in
461 381 636 445 Macedonia
661 379 775 446 Persico

87 485 105 521 s
125 466 208 524 bello
230 464 316 524 miles
339 461 417 524 esset.
438 463 543 525 Monet
568 469 653 546 igitur
672 483 703 524 ut
728 487 777 525 ca-

89 565 108 602 o
127 562 220 617 reat,
247 565 286 604 ue
311 544 445 624 proelium
464 547 565 606 ineat:
585 561 671 628 negat
696 548 776 606 enim

89 651 108 682 n
129 623 174 704 jus
198 623 281 698 effe,
304 629 353 706 qui
374 626 457 685 miles
478 645 538 686 non
562 629 625 702 sit,
647 645 775 708 pugnare

90 725 110 764 tt
131 726 200 768 cum
219 704 311 765 hoste.

132 784 201 844 XII.
217 784 361 865 Equidem
380 783 450 844 illud
459 787 547 846 etiam
558 783 777 861 animadverto,

133 866 174 924 od
203 869 253 944 qui
276 869 394 946 proprio
419 869 536 926 nomine
579 865 710 926 erduellis
732 887 780 926 es·

107 963 165 1018 et,
193 947 217 1006 is
239 944 326 1006 hostis
352 964 530 1017 vocaretur,
557 887 673 1006 fluitare
697 947 780 1008 verbi

96 1024 237 1084 tristitiam
254 1030 295 1086 rei
312 1027 479 1110 mitigatam.
500 1023 595 1086 Hostis
612 1029 689 1086 enim
703 1025 779 1106 apud

97 1105 224 1183 maJores
245 1103 355 1166 nostros
372 1109 395 1166 is
416 1104 582 1179 dicebatur,
600 1127 687 1188 quem
704 1127 780 1166 nunc

97 1189 283 1267 peregrinum
313 1185 441 1246 dicimus.
467 1183 598 1245 Indicant
627 1185 780 1246 duodecim

98 1266 220 1326 tabulae:
245 1284 313 1325 tur
334 1283 453 1326 smus
473 1283 546 1326 urus
567 1281 638 1326 cour
662 1281 782 1327 rrosrr.

98 1345 262 1428 Itemque,
286 1363 453 1406 unversus
483 1361 616 1407 uosrutr
642 1363 781 1408 AEruuuu

99 1443 324 1486 Aucrotttrrts.
348 1426 429 1506 Quid
446 1425 483 1485 ad
499 1425 571 1486 hanc
590 1426 782 1488 mansuetudie

5 1519 7 1530 ’
99 1527 169 1568 nem
189 1507 257 1566 addi
277 1505 394 1586 potest?
415 1527 481 1567 eum
504 1509 618 1587 quicum
635 1507 711 1568 bella
729 1528 781 1589 ge-

100 1609 166 1661 ras,
183 1605 245 1648 tam
263 1588 344 1648 molli
363 1589 482 1648 nomine
494 1586 651 1676 oppedari?
667 1587 783 1666 Quam·

5 1679 6 1732 J
101 1687 189 1748 quam
205 1668 238 1726 id
254 1687 364 1729 nomen
383 1668 477 1727 durius
494 1688 552 1746 lam
569 1663 664 1728 effecit
678 1686 782 1728 vetus-

5 1769 6 1772 *
101 1765 203 1808 tastu
226 1751 381 1834 peregrino
404 1749 484 1807 enim
499 1750 636 1819 recessit,
657 1748 688 1808 ὃ(
709 1767 783 1828 pto-

102 1830 219 1922 prid·in
238 1845 304 1902 eo,
327 1829 375 1910 qui
392 1845 469 1887 arma
487 1828 586 1888 contrd
608 1826 716 1899 ferret,
735 1847 786 1886 re·

103 1926 219 1968 mansit.

146 1989 196 2066 38.
213 1986 318 2066 Quum
330 1989 403 2048 verb
419 1987 456 2048 de
470 1989 592 2067 imperio
611 1987 787 2060 decertatur,

7 2089 10 2098 ·
105 2069 185 2128 bello
227 2071 400 2148 equaedtur
418 2068 532 2149 gloria,
553 2066 646 2127 causas
667 2069 788 2126 omnino

106 2148 174 2210 sube
198 2165 332 2210 oramen
349 2162 467 2230 oportet
484 2145 619 2221 easdem,
640 2165 708 2227 quas
729 2146 789 2206 dixi

7 2247 9 2312 ξ
108 2231 196 2312 pauli>
221 2231 287 2290 ante
315 2227 396 2308 justas
420 2227 513 2288 causas
535 2224 604 2296 *effe‘
619 2227 789 2308 bellorum:

8 2335 10 2400 g
110 2310 159 2370 ted
179 2331 215 2370 ea
233 2310 329 2384 bella,
348 2309 451 2390 quibus
471 2309 583 2388 imperii
602 2307 691 2390 gloria
714 2328 790 2388 pro-

111 2392 208 2472 posita
225 2389 286 2464 est,
303 2391 398 2449 minus
409 2389 511 2449 acerbe
524 2387 649 2470 gerer'tda
664 2387 736 2448 sunt.
746 2385 793 2452 Ut

112 2473 190 2531 enim
209 2489 275 2530 cum
292 2467 350 2532 tivi'
363 2471 442 2529 aliter
459 2469 658 2530 contendimus
678 2514 687 2543 ,
704 2471 728 2528 si
749 2465 791 2528 est

113 2553 244 2610 iuimicus
256 2571 266 2623 ;
280 2551 379 2621 aliter,
400 2553 424 2608 si
441 2551 615 2630 competitor
633 2569 640 2608 :
662 2570 727 2609 cum
747 2549 792 2607 al-

116 2641 178 2692 tero
201 2649 346 2692 certamen
369 2631 487 2690 honoris
508 2631 539 2690 &
560 2629 702 2712 dignitatis
722 2627 793 2699 est3

118 2727 183 2784 tum
197 2713 289 2772 altero
309 2733 341 2771 ca
362 2713 407 2771 'tis
419 2711 451 2770 ὃ(
466 2709 566 2772 famae:
579 2715 618 2770 sic
636 2731 702 2770 cum
720 2708 795 2768 Cel·

119 2792 236 2867 tiberin·
248 2809 314 2853 cum
358 2791 455 2852 imbris
469 2791 599 2865 beddum‘,
613 2809 648 2929 οὗ
654 2811 729 2878 tum,
743 2789 799 2847 ittib

665 2890 698 2948 Vl
