1956 3614
202 309 254 387 42
364 290 437 360 Da
470 303 720 378 tuoruum

201 431 262 470 non
277 424 336 468 tam
349 405 485 489 operibus
504 403 666 488 magnificis·
681 405 887 489 exquisitisque

201 493 385 570 antiquorum
403 486 510 548 artibus
530 487 703 560 deleflam,
728 486 816 568 quim
840 508 892 548 re·

202 571 370 630 cordatione
389 567 566 630 summorum
584 571 712 629 virorum
724 614 733 641 ‚
745 567 794 626 ubi
809 571 890 649 quis·

201 669 259 744 que
280 647 625 789 hubitaresguubis'sedere
642 694 651 722 ‚
670 647 721 708 ubi
741 647 888 788 disputasre

201 729 835 892 {llilcsidhtdldniempcldd.egdadd)iusliinme?aultlli
851 748 888 870 iu

201 911 234 952 es
254 910 360 964 natus,
401 890 444 949 lus
463 890 566 949 amabo
584 886 700 969 posthac
716 889 826 948 locum.

247 989 273 1052 5.
292 971 337 1032 Μ.
393 969 486 1030 audeo
507 972 620 1052 igitur,
642 988 690 1029 me
714 968 889 1029 incunabula

202 1071 281 1132 pene
300 1071 366 1112 mea
383 1052 436 1111 tibi
461 1047 620 1110 ostendisse.
640 1048 720 1109 Aur.
740 1047 889 1130 Equidem

203 1153 253 1192 me
275 1125 408 1213 cognosse
430 1129 588 1189 admodum
601 1131 732 1211 gaudeo:
745 1129 794 1190 sed
815 1129 889 1190 illud

203 1227 300 1272 tamen
312 1210 395 1291 quale
410 1207 470 1281 est,
488 1209 569 1290 quod
589 1211 677 1290 paulo
696 1211 761 1268 ame
775 1208 891 1282 dixisti3

204 1289 280 1351 hunc
299 1291 396 1350 locum
415 1288 520 1369 (idem
535 1309 592 1372 ego
611 1307 640 1348 te
659 1291 770 1370 accipio
791 1291 892 1350 dicere

203 1369 378 1451 Arpinum)
403 1389 567 1450 germanam
590 1373 711 1449 patriam
733 1366 790 1430 esse
815 1390 892 1430 ves-

201 1449 299 1510 tram?
319 1450 460 1532 numquid
479 1449 548 1512 duas
567 1449 677 1509 habetis
696 1447 823 1529 patrias?
852 1471 890 1509 an

204 1527 246 1590 est
267 1550 324 1590 una
344 1530 392 1590 illa
434 1533 502 1590 atria
525 1529 713 1590 communis?
737 1532 792 1590 nisi
813 1528 891 1590 sorte

101 1619 106 1629 '
204 1609 324 1690 sapienti
341 1611 382 1670 illi
427 1613 505 1670 atoni
520 1609 574 1671 suit
589 1613 679 1690 patria
696 1631 757 1668 non
770 1608 868 1669 Roma
879 1640 894 1684 ,ν

204 1689 254 1752 sed
274 1690 441 1752 Tusculum.
455 1691 500 1750 M.
513 1689 577 1772 Ego
593 1689 758 1750 mehercule
777 1691 810 1749 &
828 1690 890 1764 illi,

203 1770 236 1830 dc
254 1773 387 1832 omnibus
407 1771 598 1850 municipibus
618 1771 688 1830 duas
707 1767 763 1830 esse
784 1769 890 1832 censeo

204 1854 308 1932 patrias
327 1872 337 1925 ;
357 1871 444 1912 unam
461 1867 588 1922 naturae,
607 1851 726 1910 alteram
744 1851 892 1911 civitatis:

205 1949 236 1992 ut
248 1933 295 1992 ille
316 1930 412 2002 Cato,
426 1951 514 2010 quum
528 1927 597 1990 esset
613 1928 733 1990 Tusculi
743 1945 843 2003 natus,
858 1934 889 1991 in

205 2012 307 2106 populi
334 2009 460 2070 Romani
488 2012 633 2070 civitatem
648 2009 802 2091 ‘susceptus
825 2007 891 2071 est':

206 2109 328 2174 itaque,
348 2112 436 2173 quum
456 2107 521 2150 ortu
539 2089 716 2152 Tusculanus
737 2088 826 2164 esset,
849 2093 892 2150 ci·

207 2175 296 2234 vitate
311 2169 460 2232 Romanus
477 2215 487 2244 ,
507 2169 606 2232 habuit
622 2170 739 2232 alteram
757 2171 815 2231 loci
837 2193 891 2252 pa·

205 2255 287 2313 triam
299 2297 308 2325 ,
321 2252 440 2310 alteram
455 2249 537 2328 juris:
548 2269 581 2312 ut
595 2249 680 2312 vestri
695 2251 803 2324 Attici,
814 2251 894 2330 post*

227 2353 293 2392 uam
309 2329 439 2392 Theseus
457 2329 575 2390 eosdem
594 2335 717 2414 migrare
735 2351 772 2391 ex
794 2336 869 2414 agris
880 2363 893 2403 ,-

205 2351 238 2472 dc
263 2408 397 2483 inastu,
419 2410 498 2491 quod
524 2411 710 2551 appellatur,
736 2431 839 2484 omnes
861 2413 894 2472 se

206 2491 340 2552 conferre
359 2489 467 2569 jussit,
487 2490 519 2550 &
558 2494 618 2552 unii
638 2509 719 2553 erant
743 2491 833 2551 iidem
859 2493 892 2553 &

207 2569 298 2632 Attici
308 2590 318 2644 ;
336 2573 376 2631 sic
396 2591 451 2631 nos
468 2571 577 2633 &eam
595 2576 715 2652 patriam
733 2572 890 2648 ducimus,

206 2651 257 2712 ubi
278 2653 354 2723 nati3
381 2651 412 2710 &
433 2651 534 2725 illam,
564 2653 622 2734 qud
645 2655 759 2732 excepti
786 2652 893 2716 sumna.

207 2729 266 2791 Sed
278 2729 388 2792 necelle
408 2730 470 2804 est,
484 2735 599 2792 caritate
612 2753 677 2794 eam
698 2730 845 2812 praestare,
861 2737 893 2804 in

208 2829 267 2896 qua
284 2811 447 2897 reipublicae
459 2832 568 2876 nomen
583 2815 616 2878 δι
632 2812 770 2878 universe
789 2815 893 2910 ciuita-⁸
962 2815 966 2822 “
