1954 3604
228 263 395 330 Lrurrc
435 278 641 332 ruimus.
694 264 769 357 187

77 390 202 434 cernon
221 374 313 454 firlrlm
337 395 464 448 manu,
484 373 538 452 sed
563 379 646 438 etiam
672 379 768 440 oculos

76 455 243 534 abstinentes
257 455 363 514 habere.
382 453 474 536 Atqui
490 453 546 514 hoc
557 455 634 518 idem
652 453 770 598 808110-

79 531 137 593 cles
155 535 230 594 siin
251 534 422 596 athletarum·
442 534 613 616 probatione
635 537 693 597 dixi
714 556 766 614 et,

78 610 150 692 justa
168 613 401 695 reprehensione
415 613 542 676 caruillet
556 633 655 678 :tanta
666 621 711 679 vis
723 617 765 682 est

79 691 112 754 &
133 693 215 768 loci,
243 693 275 755 &
293 697 442 776 temporis.
460 693 504 756 Ut
524 698 548 756 si
567 700 652 778 quis,
675 720 765 780 quum

78 771 195 833 causam
213 775 253 835 sit
266 773 392 850 adiutus,
403 777 559 851 initinere,
570 781 658 838 autin
668 780 768 840 ambu-

77 853 189 915 latione
209 852 306 916 secum
319 853 377 936 ipse
398 855 572 933 meditetur,
586 875 633 920 aut
652 860 676 918 si
695 859 765 940 quid

79 934 158 994 aliud
180 937 316 996 attentius
338 939 468 1017 cogitet,
489 957 550 996 non
570 938 763 1018 reprehenda-

78 1029 147 1088 tur;
169 1031 200 1075 at
216 1015 275 1076 hoc
296 1016 373 1078 idem
399 1019 423 1076 si
445 1017 476 1076 io
492 1019 632 1078 convivio
655 1016 762 1094 faciat,

5 1115 6 1132 ¹
79 1093 252 1154 inhumanus
271 1096 425 1169 videatur,
447 1094 596 1156 inscientia
613 1100 763 1178 temporis.

123 1194 163 1248 14
185 1217 193 1234 .
213 1173 271 1236 Sed
287 1195 340 1250 ea,
359 1197 423 1258 quae
438 1175 563 1252 multum
581 1177 618 1238 ab
635 1177 764 1241 humani-

79 1268 136 1315 tete
151 1193 333 1336 discrepant,
343 1273 375 1318 ut
385 1301 394 1329 ,
406 1259 430 1315 si
447 1258 509 1336 quis
523 1259 552 1316 in
565 1253 631 1318 foro
649 1275 765 1336 cantet,

79 1338 168 1396 autsi
187 1334 296 1416 quaest
313 1337 368 1396 alia
384 1356 490 1417 magne
500 1340 691 1417 perversitas,
713 1339 762 1400 fa·

5 1453 7 1498 l
78 1415 131 1475 cile
151 1438 169 1475 a
191 1435 376 1496 parent‚nec
396 1437 442 1475 ma
504 1438 573 1498 pere
583 1419 759 1490 admonitio·

5 1511 7 1570 g
78 1514 146 1557 uem
167 1437 201 1556 dt
220 1513 364 1576 precepta
384 1496 445 1556 desi
466 1514 645 1580 etantiqua
661 1520 761 1560 autem

77 1595 169 1654 parva
183 1578 322 1638 videntur
339 1573 396 1637 elle
413 1575 533 1654 delidla,
548 1598 644 1662 neque
656 1600 673 1638 a
683 1581 761 1640 mul·

5 1699 7 1738 ᾖ
78 1656 114 1716 tis
136 1657 259 1739 intelligi
277 1653 414 1737 poliunt,
433 1657 469 1716 ab
486 1660 520 1718 iis
539 1655 580 1719 est
596 1659 764 1743 diligentiis

5 1793 7 1810 ,
79 1735 304 1802 declinandum:
316 1754 349 1796 ut
360 1738 390 1796 in
407 1734 534 1810 fidibus,
555 1755 603 1800 aut
618 1741 648 1798 in
665 1735 763 1814 tibiis,

165 1818 211 1877 vis
231 1815 351 1896 paulum
374 1814 555 1896 discrepent,
573 1835 672 1879 tamen
690 1817 720 1878 id
742 1840 759 1888 a

6 1901 8 1950 ζ
90 1896 184 1958 ciente
210 1896 399 1957 animadverti
420 1895 514 1968 solem
538 1900 579 1958 sic
599 1896 760 1960 videndum

6 1995 7 2002 ¹
80 1973 119 2036 est
139 1979 169 2036 in
190 1977 276 2050 vita,
295 1995 335 2037 ne
354 1973 430 2038 forte
446 1976 516 2056 quid
534 1977 695 2058 discrepet,
710 1977 763 2040 vel

79 2056 172 2116 multu
189 2059 280 2119 etiam
298 2077 345 2116 ma
364 2058 411 2129 is,
431 2058 490 2140 qul>
501 2053 594 2137 major
612 2057 760 2122 &melior

79 2134 242 2211 adiectum,
254 2134 341 2218 quim
346 2077 488 2202 lotorum
500 2154 658 2200 concentus
671 2134 720 2198 est.

116 2213 199 2278 XLI.
218 2213 342 2298 Itaque,
363 2232 401 2276 ut
412 2217 443 2278 iu
463 2214 567 2278 fidibus
584 2219 760 2280 musicorum

75 2316 159 2362 ‚aures
183 2297 234 2358 vel
259 2297 379 2360 minima
400 2294 551 2371 sentiunt3
574 2301 616 2360 sic
632 2318 713 2371 nos,
736 2299 762 2358 si

72 2396 157 2442 ,acres
174 2398 210 2436 ac
220 2377 373 2459 diligentes
391 2373 448 2438 ess'e
459 2377 613 2452 volumus,
629 2376 760 2437 animad-

77 2456 266 2538 ¹versoresque
285 2458 444 2530 vitiorum,
462 2477 568 2538 magns
583 2457 656 2539 sape
672 2457 760 2518 intel-

80 2535 201 2618 ligemus
222 2557 260 2601 ex
278 2539 385 2618 parvis.
406 2535 450 2603 Ex
463 2537 618 2600 ¹oculorum
636 2538 738 2601 obtutu
748 2583 764 2612 r·

75 2635 115 2694 ex
129 2616 345 2698 superciliorum
362 2633 410 2676 aut
424 2621 611 2694 remissione,
620 2635 668 2678 aut
686 2639 759 2679 con·

72 2695 237 2772 ,tradionffi
254 2719 291 2760 ex
318 2695 473 2772 moestitia,
490 2719 527 2759 ex
545 2700 705 2772 hilaritate,
721 2717 758 2760 ex

81 2775 155 2854 risu,
172 2799 208 2844 ex
224 2779 396 2854 locutione,
408 2798 445 2842 ex
461 2781 629 2857 reticentia,
640 2799 677 2846 ex
688 2797 761 2854 cona
