1928 3602
204 269 274 340 126
347 267 418 338 Da
458 280 732 351 officiis,

182 415 187 424 ·
199 377 321 440 cessuros
340 382 457 461 quidem
474 396 594 462 putant,
611 382 664 440 nisi
678 379 820 454 eoadem
836 401 881 440 ων

199 462 280 538 quius
300 480 395 522 autem
415 477 474 522 erat
493 461 523 520 id
542 461 691 522 voluntate
712 459 796 522 fieti:
814 481 882 522 uum

200 538 257 600 hoc
276 539 368 620 ipsum
388 546 426 602 ita
444 539 546 620 justum
561 537 621 613 est,
640 542 721 620 quod
740 539 820 602 redd
832 540 884 615 fit,

200 622 224 678 si
244 617 284 680 est
300 621 498 680 voluntarium.
694 659 696 664 ,

244 717 291 778 29.
311 699 383 761 Sunt
406 704 516 772 etiun,
535 702 583 778 qui
600 714 648 758 aut
666 696 759 760 studio
781 702 824 760 rei
842 698 886 758 fa·

202 780 316 838 miliaris
335 781 470 855 tuendae,
485 795 531 838 aut
542 778 612 838 odio
634 780 762 857 quodam
784 781 886 840 homi·

203 878 300 933 num,
322 858 401 918 suum
421 859 449 920 se
472 861 620 940 negotium
638 879 723 940 agere
758 859 886 933 dicant,
951 899 953 942 2

204 958 242 998 ne
269 937 362 1000 facere
389 943 521 1020 cuiquam
545 938 696 1010 videantur
722 937 885 1014 injuriam:
951 943 953 1016 ζ

204 1020 254 1098 qui
277 1020 367 1082 altero
387 1016 527 1096 injustitia
540 1037 644 1108 genere
656 1035 781 1090 vacant3
804 1023 834 1077 in
845 1019 887 1078 al-
952 1031 953 1046 *

204 1113 299 1158 terum
316 1101 481 1158 incurrunt:
502 1098 633 1159 deterunt
652 1102 737 1159 enim·
750 1101 822 1158 vitae
840 1097 888 1158 so·

206 1180 366 1248 oetatem,
394 1181 460 1258 quia
488 1178 558 1238 nihil
585 1177 736 1238 conferunt
763 1180 796 1237 in
823 1197 890 1238 eam

207 1253 311 1331 studii,
327 1258 395 1316 nihil
412 1278 527 1338 operae,
544 1257 613 1316 nihil
629 1255 806 1318 facultatum.

252 1354 298 1413 30.
320 1336 474 1416 Quoniam
492 1340 575 1430 igitur
597 1335 708 1398 duobus
732 1337 891 1418 generibus

207 1413 348 1495 injustitiae
377 1420 533 1497 propositis
555 1459 563 1488 ‚
587 1413 769 1492 adjunximus
794 1416 892 1477 causas
953 1413 954 1488 j

208 1495 351 1577 utriusque
373 1501 504 1579 generis,
520 1495 626 1576 easque
642 1517 688 1557 res
702 1498 769 1556 anti
783 1494 895 1556 consti-
953 1493 954 1520 ³

208 1578 336 1650 mimus,
355 1577 457 1657 quibus
477 1573 772 1654 juffitiacoutinetut3
786 1574 897 1652 facile,
953 1595 954 1598 ’

209 1658 290 1738 quod
307 1655 442 1738 cujusque
453 1659 595 1736 temporis
611 1655 739 1716 officium
754 1659 814 1730 sit,
831 1677 896 1738 po·

210 1741 350 1812 terimus,
372 1741 427 1798 nisi
442 1736 556 1798 nosmet
577 1736 654 1818 ipsos
668 1736 756 1798 valde
780 1737 898 1797 amabi-

211 1838 296 1894 mus,
318 1815 452 1896 judicare.
471 1815 606 1878 Estenim
625 1815 746 1877 difficilis
763 1837 897 1878 curate·

210 1920 276 1958 rum
299 1899 478 1958 alienarum:
503 1917 679 1978 quamquam
700 1896 899 1958 Terentianus

213 1979 261 2038 ille
274 1976 416 2039 Chremes
428 1981 540 2037 humani
555 1978 624 2036 nihil
638 1977 692 2056 ase
705 1979 828 2036 alienum
837 1999 899 2057 pu-

214 2077 265 2118 tat.
289 2057 347 2120 Sed
358 2075 474 2132 tamen,
486 2060 554 2138 quia
569 2059 659 2139 magis
672 2076 708 2117 ea
716 2060 900 2138 percipimus

214 2157 300 2220 atque
317 2138 471 2210 sentimus,
513 2159 555 2198 uae
571 2137 656 2198 nobis
670 2138 739 2217 ipsis
755 2155 805 2196 aut
824 2157 901 2216 pro·

213 2219 318 2298 spera,
337 2239 385 2281 aut
408 2160 526 2280 adveria
544 2221 705 2291 eveniunt,
720 2217 808 2298 quium
825 2217 902 2292 issa,

216 2320 278 2377 quae
301 2301 421 2372 ceteris,
443 2319 506 2378 quae
526 2300 608 2378 quasi
630 2298 719 2378 longo
742 2300 902 2359 intervallo

215 2375 365 2455 iuteriedio
384 2377 517 2439 videmus
535 2397 544 2449 3
561 2378 641 2438 alitor
659 2377 695 2437 de
712 2377 788 2450 illis,
803 2399 838 2436 ac
861 2379 903 2438 de

215 2459 300 2518 nobis
326 2457 494 2537 judicamus.
523 2457 673 2536 Quocirca
696 2456 771 2516 bene
798 2461 906 2536 praeci·

217 2540 320 2616 piunt,
338 2541 387 2619 qui
403 2554 502 2598 vetant
520 2537 677 2619 quidquam
688 2557 795 2618 agere,
818 2539 904 2616 quod

216 2619 350 2690 dubites,
366 2639 480 2697 aequum
498 2621 553 2689 sit,
569 2639 606 2677 an
622 2620 750 2698 iniquum
761 2619 905 2698 :aequitas

216 2700 294 2758 enim
311 2697 388 2758 lucet
407 2696 466 2776 ipsa
481 2717 533 2776 per
551 2695 600 2769 se;
622 2697 761 2762 dubitatio
783 2701 904 2782 cogita*

214 2781 328 2839 tionem
346 2775 484 2866 significat
501 2775 620 2857 iujuriae.
