1956 3614
171 306 332 371 Lraau
363 319 643 371 saturnus.
701 302 752 396 4'3

87 413 118 474 tis
137 405 192 488 est;
211 436 265 496 pro
284 435 344 498 qua
363 417 436 474 mori
451 460 461 488 ,
477 414 508 474 &
531 417 575 476 cui
597 437 650 477 nos
676 432 756 477 totos

90 493 199 568 dedere,
215 497 247 554 &
265 499 295 555 in
314 517 371 578 qua
391 491 484 555 nostra
504 499 602 558 omnia
621 516 753 576 ponere,

89 571 205 656 &quasi
223 575 390 637 consecrare
409 575 556 637 debemus.
582 575 684 637 Dulcis
701 598 755 636 au-

87 669 138 733 tem
152 677 206 716 non
221 657 317 717 multb
334 657 414 718 secus
432 655 472 716 est
486 677 540 728 ea,
558 677 622 738 quae
638 659 756 740 genuit,

86 733 163 814 quim
180 737 246 811 illa,
266 759 331 820 quae
348 740 478 817 excepit:
496 740 592 818 itaque
611 757 667 820 ego
680 737 755 796 harre

84 835 172 875 meam
188 815 241 878 effe
257 821 381 900 patriam
394 817 506 898 prorsus
526 838 685 898 numquam
702 837 756 878 ne·

86 895 174 990 gabo,
194 898 261 958 dum
276 899 326 958 illa
342 901 378 958 sit
394 896 488 976 major
505 941 515 972 ,
537 897 569 958 &
586 897 648 957 baec
669 899 699 956 in
721 916 757 960 ea

87 993 261 1038 commeatur.

122 1055 171 1116 111.
185 1057 263 1119 Απ.
280 1055 372 1118 Recte
391 1058 477 1140 igitur
489 1056 613 1138 Magnus
628 1055 677 1116 ille
688 1077 759 1117 nos·

85 1151 142 1212 ter,
153 1159 198 1198 me
210 1139 345 1200 audiente
357 1183 366 1212 ,
381 1136 476 1218 posuit
488 1140 517 1196 in
527 1134 655 1218 judicio,
668 1157 759 1218 quum

88 1235 134 1294 pro
153 1218 241 1280 Balbo
258 1237 359 1280 tecum
376 1217 461 1277 simul
481 1217 614 1293 diceret,
642 1237 761 1298 rempu-

86 1295 180 1358 blicam
195 1298 323 1360 nostram
340 1297 503 1377 justissimas
515 1297 581 1357 huic
600 1299 758 1378 municipio

86 1381 180 1458 gratias
196 1401 280 1463 agere
302 1377 401 1460 posse,
423 1377 503 1459 qubd
521 1398 557 1438 ex
577 1398 614 1438 eo
636 1378 694 1438 duo
718 1375 760 1439 sui

86 1459 291 1522 conservatores
315 1455 504 1532 exstitissent3
529 1476 560 1519 ut
579 1455 637 1538 jam
660 1457 762 1520 videar

88 1537 199 1614 adduci,
216 1542 291 1600 hanc
308 1559 444 1621 quoque,
462 1559 524 1620 quae
540 1555 569 1598 te
580 1541 761 1620 procreavit,

86 1615 138 1678 effe
173 1624 272 1681 aeriam
287 1637 376 1680 tuam.
398 1617 455 1680 Sed
466 1634 586 1681 ventum
599 1620 629 1678 in
641 1615 761 1678 insulam

87 1695 132 1759 est.
149 1641 210 1760 blac
228 1702 304 1764 verb
323 1698 394 1760 nibil
415 1696 456 1758 est
472 1701 623 1760 amoenius.
645 1695 761 1759 Etenim

86 1777 138 1838 hoc
155 1786 234 1862 quasi
245 1777 338 1840 rostro
352 1778 479 1840 funditur
490 1777 651 1852 Fibrenus,
670 1779 703 1842 dt
718 1779 763 1838 di-

85 1857 156 1919 visus
177 1861 324 1948 aqualiter
343 1861 373 1918 itr
390 1859 460 1918 duas
499 1876 573 1919 artes
592 1859 681 1918 latera
700 1857 763 1918 haee

87 1938 160 2000 alluit
181 1986 190 2016 ,
214 1941 372 2022 rapideque
391 1879 513 2019 dilapidas
537 1939 595 1999 citb
619 1941 648 1998 in
672 1935 763 1998 unum

87 2022 228 2098 confluit,
253 2022 285 2080 &
306 2038 417 2081 tantum
437 2017 659 2158 complefiitur,
703 2017 764 2098 uod

87 2098 145 2160 satis
162 2103 198 2162 sit
218 2102 343 2162 modicae
359 2097 492 2180 palaestrae
518 2101 582 2157 oci:
595 2118 655 2178 quo
672 2116 687 2156 e
711 2117 767 2156 ec-

87 2195 116 2240 to
127 2226 136 2256 ,
147 2198 295 2264 tamquam
309 2181 339 2240 id
354 2181 486 2240 habuerit
504 2177 600 2256 operis
612 2197 645 2236 ac
658 2197 766 2254 mune·

88 2261 138 2334 ris,
151 2279 183 2322 ut
199 2263 275 2322 hanc
287 2262 370 2322 nobis
390 2257 518 2322 efficeret
530 2257 627 2320 sedem
648 2256 684 2317 ad
701 2258 765 2319 dis-

88 2343 272 2419 putandum,
293 2339 386 2402 statim
408 2341 566 2421 precipitat
591 2341 621 2398 in
644 2336 766 2417 Lirem,

89 2420 135 2494 dt,
154 2425 235 2516 quasi
253 2424 283 2482 in
303 2421 442 2483 familiam
463 2421 611 2506 patriciam
630 2423 767 2496 venerit,

90 2505 187 2564 amittit
201 2522 313 2564 nomen
332 2500 475 2562 obscurius
486 2545 495 2574 ‚
507 2497 660 2580 Liremque
671 2499 766 2562 multb¹

91 2581 255 2662 gelidiorem
274 2583 360 2643 facit:
377 2601 432 2642 nec
444 2567 626 2655 enimadium
642 2580 699 2642 hbc
711 2581 763 2640 fri-

93 2661 177 2742 gidius
190 2665 301 2725 flumen
322 2665 421 2744 attigi,
439 2681 529 2743 quum
546 2661 583 2722 ad
602 2661 692 2723 multa
710 2682 765 2721 ac-

94 2741 233 2817 cesserim,
249 2761 282 2803 ut
297 2744 348 2802 vix
361 2741 441 2884 pede
458 2759 569 2804 tentare
587 2740 617 2802 id
635 2743 768 2824 possim}

95 2823 167 2906 quod
184 2827 214 2888 in
229 2821 349 2888 Phaedro
384 2822 486 2884 laconis
499 2819 726 2903 faciebocrates.
754 2837 762 2846 ⁴
