1954 3604
145 253 304 320 L1rrru
339 269 612 324 arcuimus,
659 273 734 347 215

57 365 189 445 adjuvant
215 367 415 450 aliquantum,
430 385 530 448 quum
553 367 590 427 ad
614 386 734 444 cetera,

56 464 111 507 tum
132 448 169 507 ad
188 449 328 508 amicitias
346 447 562 528 comparandas.

92 526 143 588 IX.
161 527 221 589 Sed
236 525 279 588 'de
302 529 427 587 amititia
447 528 504 587 alio
525 528 598 587 libro
623 527 730 589 ditium

58 603 112 681 est,
129 610 177 690 qui
188 607 359 668 ¹inscribitur
374 607 487 668 Laeliua.
503 605 587 669 Nunc
606 607 734 672 dicamus

61 687 92 747 de
112 689 204 770 gloria
219 708 230 762 ;
247 709 428 770 ,quamquam
446 708 481 749 ea
502 709 619 770 quoque
638 689 675 750 de
700 709 733 752 re

59 767 111 826 duo
137 767 202 829 sunt
228 766 317 828 nostri
344 769 437 829 libri:
464 768 514 829 sed
536 771 606 830 attin
626 790 738 846 amus,

59 849 290 930 quandoquidem
309 869 344 908 ea
360 851 390 908 in
405 849 490 909 rebus
509 791 665 927 majoribus
683 849 735 910 ad·

59 927 241 990 ministrandis
271 926 389 1006 adjuvat
420 929 586 1008 plurimbm.
617 928 736 994 Summa

60 1009 136 1090 igitur
157 1010 191 1070 &
231 1007 335 1070 emelia
350 1010 446 1104 gloria·
465 1007 573 1070 conflat
591 1028 628 1069 ex
648 1011 737 1073 tribua

11 1161 12 1170 χ
60 1089 113 1148 his:
134 1091 157 1149 si
178 1031 272 1173 diligit
286 1089 442 1152 multitudo
452 1110 463 1162 ;¹
479 1092 503 1150 si
519 1087 609 1150 fidem
626 1089 736 1166 habet;

11 1197 13 1228 r
60 1170 81 1228 ri
98 1190 163 1230 cum
186 1171 376 1232 admiratione
399 1170 524 1251 quadam
543 1171 656 1232 honore
681 1192 736 1233 nor

11 1263 13 1290 l
60 1249 157 1331 dignos
176 1269 267 1332 putat.
286 1250 359 1310 Haec
377 1269 474 1312 autem
489 1249 503 1332 (
519 1253 543 1311 si
559 1249 600 1312 est
620 1251 735 1334 simpli-

60 1332 126 1390 citer
136 1331 322 1412 breviterque
332 1332 490 1392 dicendum
503 1332 515 1411 )
529 1332 631 1413 quibus
650 1333 736 1396 rebur

59 1412 202 1490 pariuntur
220 1435 238 1472 a
260 1413 302 1472 siu
322 1413 398 1486 ulis,
417 1412 525 1473 eisdem
544 1411 604 1473 fere
622 1435 638 1472 a
656 1415 736 1474 mul-

59 1492 187 1554 titudiue.
203 1491 289 1554 Sede
326 1493 396 1554 alius
410 1513 528 1575 quoque
545 1493 663 1572 quidam
675 1494 736 1556 adi·

60 1589 99 1632 tus
119 1574 156 1633 ad
177 1573 416 1647 multitudinem,
438 1592 471 1634 ut
488 1576 519 1634 in
539 1572 737 1634 universorum

61 1656 167 1715 animos
181 1671 328 1736 tamquam
344 1653 467 1714 'influere
489 1655 643 1734 possimus.

98 1751 143 1810 32.
170 1733 218 1795 Ac
238 1735 363 1815 primum
386 1733 423 1794 de
447 1733 502 1794 illis
524 1734 614 1794 tribus
637 1775 648 1806 ‚
672 1753 737 1814 quae

62 1815 121 1874 autb
137 1815 201 1875 dixi
219 1816 433 1876 benevolentiae
453 1833 617 1894 praecepta,
635 1813 739 1874 videa·

63 1913 139 1968 mus-3
158 1917 224 1978 quae
241 1891 360 1977 quidem
379 1894 526 1956 beneficiis
543 1897 652 1976 capitur
670 1913 739 1954 ma·

62 1977 132 2036 rime
149 1994 159 2034 r
179 1974 306 2038 secturdo
326 1991 422 2035 autem
437 1975 506 2034 loco
524 1973 657 2036 beneficit
676 1996 738 2036 vo·
788 2001 795 2012 ·

62 2053 165 2117 luntate
189 2055 395 2118 benevolentia
416 2073 581 2126 movetur,
604 2057 692 2116 etiam
715 2056 745 2115 si

62 2155 102 2196 res
118 2137 197 2198 sorte
212 2158 273 2196 nort
288 2134 429 2216 suppetit:
440 2135 630 2196 vehementer
643 2152 741 2196 autem

64 2237 141 2278 amor
161 2217 351 2280 multitudinis
366 2233 567 2278 commovetur
585 2218 595 2274 i
617 2215 649 2275 si
664 2213 742 2277 fama

64 2295 93 2384 bt
121 2298 265 2379 opinione
287 2296 487 2372 liberalitatis,
511 2237 743 2372 beuelicentiae,

65 2375 195 2453 militiae,
210 2375 299 2451 fidei,
317 2378 449 2437 omnium
490 2397 506 2437 e
526 2396 625 2436 earum
649 2379 742 2438 virtu·

65 2473 241 2600 {2¹3¹quss
256 2455 743 2618 lilibi²ttt5l¹⁶l⁰l¹¹ip¹¹i

67 2615 149 2696 sum,
175 2618 258 2702 quod
279 2616 430 2679 honestum
452 2618 646 2698 decorumque
666 2617 741 2678 dici·

68 2719 154 2776 mus,
180 2702 248 2781 quia
265 2719 317 2780 per
327 2698 361 2759 le
379 2697 464 2760 nobis
503 2700 596 2772 lacet,
616 2700 745 2759 animos·

68 2800 119 2861 que
139 2783 274 2844 omnium
294 2779 396 2843 uatur'a
417 2779 450 2842 &
482 2783 565 2861 pecie
586 2777 637 2840 suit
655 2799 744 2844 com·
