1954 3604
179 231 339 304 Lrnrn
372 243 648 304 oeconoma.
688 220 768 330 233'
844 305 846 312 ,

79 347 355 489 ιεεὲξιιιιὲἀὲιιάι,
379 346 414 408 δι’
431 346 630 412 mediocritate
651 349 760 412 mode⁴

78 449 129 490 ran
185 448 203 489 e
749 453 752 460 ·

90 561 92 568 ,
119 507 234 569 XVIII.
253 505 286 568 In
305 507 357 568 illo
372 523 468 569 autem
479 508 569 570 altero
584 527 691 591 genere
706 510 763 570 lar·

80 589 200 670 giendi‚
219 587 301 670 q'uod
319 610 336 646 a
356 587 524 649 liberalitate
545 586 759 670 proficiscitur,

80 687 139 728 non
157 689 220 728 uno
233 666 328 728 modo
337 669 367 727 in
385 665 540 749 disparibus
556 672 648 730 animia
662 666 755 730 affeffi

80 746 136 808 effe
155 748 331 808 debemus(

119 827 169 889 62.
190 827 259 888 Ain
275 825 357 888 causa
375 824 418 887 est
436 824 498 904 ejas
511 828 580 909 iqui
598 829 758 890 calamitate

84 909 242 988 premitur,
257 907 289 967 δι
308 905 390 985 ejus,
409 909 519 986 quires
538 908 674 968 meliores
688 928 766 988 quo-

83 989 140 1060 rit,
157 987 245 1048 nullis
259 987 314 1048 suis
329 987 417 1047 rebus
431 987 570 1047 adversis.
591 986 765 1068 Propensior

80 1067 242 1150 benignitas
272 1063 329 1127 effe
357 1065 477 1126 debebit
503 1068 533 1125 in
559 1066 740 1127 calamitosos
750 1087 764 1140 ·,

80 1149 133 1206 nisi
163 1145 241 1207 forte
265 1164 348 1206 erunt
376 1146 457 1228 digni
479 1146 650 1207 calamitate.
672 1143 705 1206 In
729 1149 765 1207 iis
804 1171 805 1174 ¹

79 1243 176 1286 tamen
197 1270 208 1300 ,
228 1225 327 1306 quise
348 1222 477 1304 adjurari
496 1225 625 1301 volent,
646 1247 707 1286 non
730 1243 763 1287 ut

79 1326 115 1367 ne
133 1304 191 1366 affli
212 1324 295 1365 antur
316 1351 326 1380 ,
354 1304 403 1366 sed
427 1323 458 1366 ut
478 1305 610 1367 altiorem
655 1306 758 1366 radam

5 1393 6 1402 ’
80 1327 285 1460 adscenditur,
311 1382 425 1446 restriffi
450 1389 570 1447 omnino
594 1406 650 1447 ee
679 1386 760 1448 nullo

5 1467 6 1474 ’
80 1467 173 1527 modo
189 1465 331 1540 debemus
343 1486 353 1538 ;
365 1465 455 1525 sedin
472 1465 527 1526 deli
549 1466 630 1526 endis
647 1467 762 1527 idoneis

4 1599 5 1610 ,
80 1544 221 1625 judiciuin
249 1545 282 1604 &
308 1545 485 1626 diligentiam
512 1568 529 1605 a
569 1548 672 1606 ‘eret
695 1565 763 1606 nam

83 1626 218 1708 praeclare
236 1623 368 1686 Ennius:
754 1647 757 1654 ·

79 1757 209 1826 Benefitiio
226 1755 288 1807 mali
304 1757 403 1817 locata,
422 1753 546 1822 molefhiia
565 1752 678 1808 arbitrere

119 1867 169 1946 63.
186 1859 283 1944 Quod
300 1883 397 1928 autem
410 1863 547 1926 tributum
562 1864 603 1925 est
618 1865 700 1928 hono
715 1861 763 1926 vi·

79 1968 111 2008 ro
130 1947 263 2030 &grato
282 1992 291 2020 ,
310 1949 340 2007 in
359 1965 397 2006 eo
414 1957 507 2025 quum
520 1965 557 2006 ex
574 1945 637 2027 ipso
656 1943 762 2006 frostut

80 2024 120 2087 eii
135 2067 149 2101 ‚-
169 2045 233 2087 nrm
257 2030 345 2088 etiam
375 2045 411 2086 ex
439 2028 571 2086 ceteris:
598 2028 763 2087 temeritate

79 2109 158 2167 enim
176 2107 321 2182 remota,
377 2107 502 2166 artissima
524 2103 566 2178 est
589 2105 762 2180 liberalitas3

80 2186 173 2266 adque
201 2207 266 2246 eam
289 2186 332 2246 stu
353 2186 439 2246 iosibs
486 2184 595 2264 lerique
618 2184 765 2260 laudant,-

80 2267 160 2347 qnbd
178 2265 282 2326 summi
306 2264 445 2346 cujusque
463 2206 577 2324 bonitas
605 2265 760 2328 commone

81 2345 247 2428 perfugam
264 2343 305 2408 est
320 2350 462 2408 omnium.
478 2342 585 2403 Danda
598 2347 682 2425 igitur
692 2363 764 2426 ope·-

81 2448 112 2486 ra
130 2424 198 2499 est,
222 2441 255 2486 ot
271 2426 314 2487 his
339 2422 487 2486 beneficiis
509 2424 597 2504 quim
621 2424 761 2504 plurimos

81 2505 259 2580 afficiamus,
299 2526 405 2566 uorum
422 2506 563 2564 memoria
578 2503 673 2564 literis
690 2526 760 2585 pos-

81 2585 205 2666 terisque
221 2606 275 2666 pro
313 2604 377 2658 tur,
388 2601 420 2645 ut
437 2586 474 2644 iis¹
487 2585 605 2667 ingratis
624 2580 681 2646 effe
697 2605 759 2646 non

80 2667 181 2728 liceat:
200 2685 304 2727 omnes
322 2669 400 2726 enim
421 2667 626 2741 immemorem
647 2663 762 2724 benefi-

78 2748 118 2808 aii
141 2744 294 2823 odeum
315 2764 437 2830 eamque
456 2741 588 2828 iniuriam
609 2747 648 2806 in.
666 2744 766 2813 detet-¹
