1954 3604
206 241 281 314 186
361 241 437 311 Da
471 259 731 330 oraretis,

200 351 279 414 Nam
295 353 328 417 &
345 356 478 418 ordinem
491 360 532 418 sic
550 354 714 430 definiunt,
732 359 886 436 composi-

199 438 312 496 tionem
330 457 426 499 rerum
449 439 523 518 aptis
540 437 571 497 &
591 436 823 506 accommodatis
843 438 886 498 lo-

200 517 262 586 eis:
281 517 380 578 locum
400 534 497 578 autem
515 515 654 592 aelionis,
678 520 889 597 opporttuaita-

199 612 261 676 tem
280 601 421 679 temporis
437 595 493 660 effe
514 597 629 658 dicunt:
654 612 771 678 tempus
791 615 888 663 autem

200 673 320 737 afflonis
350 695 576 760 opportunum,
605 675 709 738 Graece
733 676 888 754 ivn-epla,

199 753 300 818 Latine
322 759 482 840 appellatur
494 761 613 820 occasio.
630 756 677 818 Sic
696 755 750 830 fit,
769 773 803 814 ut
823 778 888 819 mo-

203 833 292 898 destia
313 837 400 914 hac,
421 859 508 921 quam
530 840 571 900 ita
593 841 837 917 interpretamur,
858 856 889 900 ut

202 915 282 993 dixi,
301 915 417 982 scientia
433 922 468 979 sit
481 919 702 1000 opportunitatis
713 918 890 979 idoneorum

113 1061 117 1074 ,
204 997 241 1060 ad
255 999 400 1080 agendum
419 1016 595 1079 temporum.

248 1097 314 1158 143.
334 1077 393 1140 Sed
414 1077 509 1160 potest
527 1078 631 1140 eadem
652 1074 709 1138 elle
729 1076 891 1157 prudentiae,

203 1155 358 1236 definitio,
377 1159 413 1220 de
425 1181 483 1240 qua
501 1157 647 1239 principib
668 1157 809 1216 diximus:
833 1159 892 1218 hoc

202 1254 299 1316 autem
319 1239 393 1299 loco
409 1239 447 1302 de
466 1238 667 1300 moderatione
687 1281 696 1311 ,
720 1237 753 1298 δι
777 1253 892 1319 tempa-

201 1319 294 1378 rantit
304 1318 359 1393 f&
376 1319 479 1381 harum
495 1317 633 1380 similibus
649 1317 805 1378 virtutibus
815 1339 893 1400 quae·

202 1399 299 1458 rimus.
317 1395 360 1458 lta
399 1419 440 1473 e,
481 1419 525 1458 uae
540 1415 620 1459 erant
640 1397 801 1478 prudentiae
822 1421 892 1480 pro-
968 1437 970 1458 r

202 1479 287 1556 pria,
305 1477 355 1541 suo
384 1501 440 1540 oco
458 1420 532 1540 dida
549 1478 628 1542 sunt:
641 1499 705 1568 quae
721 1495 821 1540 autem
839 1481 890 1547 haf
968 1491 970 1552 l

201 1577 266 1626 rum
288 1560 456 1634 virtutum,
478 1559 515 1620 de
537 1560 637 1640 quibus
658 1559 769 1638 jamdiu
789 1559 893 1642 loqui-
969 1557 970 1572 ¹

203 1639 894 1802 nnn&

204 1799 319 1872 vimus,
338 1742 553 1860 nunldpdi‘cenda
572 1761 644 1858 fund
885 1863 890 1870 ,
971 1805 972 1854 3

250 1898 316 1952 144.
337 1877 417 1938 Talis
434 1875 475 1938 est
490 1879 575 1958 igitur
588 1877 663 1938 ordo
678 1875 824 1940 adionum
840 1879 896 1940 ad-

204 1955 365 2030 hibendus,
382 1975 414 2018 ut
435 2002 445 2032 ,
463 1957 712 2037 quemadmodum
731 1962 762 2018 in
785 1964 897 2022 oratio·

204 2057 241 2098 ne
263 2035 473 2112 constanti,sic
492 2039 522 2096 in
540 2039 603 2097 vita
627 2039 726 2098 omnia
743 2042 802 2100 sint
825 2059 896 2121 apta
971 2059 972 2072 ¹

204 2119 279 2178 inter
289 2117 317 2178 se
328 2162 338 2194 ,
351 2118 382 2180 δι
392 2119 606 2178 convenientia.
620 2116 721 2199 Turpe
733 2117 776 2182 est
794 2122 894 2196 enim,

204 2197 348 2278 valdeque
368 2198 524 2272 vitiosum,
542 2200 572 2258 in
592 2217 624 2258 re
642 2196 741 2260 severi
761 2202 898 2266 convivii

205 2275 299 2350 dida,
320 2294 367 2336 aut
389 2279 544 2342 delicatum
561 2277 685 2359 aliquem
702 2278 808 2342 inferre
831 2279 896 2344 ser-

205 2376 335 2420 monem.
364 2355 446 2418 Bene
470 2357 627 2432 Pericles,
656 2379 744 2438 quum
771 2360 898 2424 haberet

206 2437 349 2518 collegam
369 2440 399 2498 in
418 2455 540 2519 praetura
561 2436 739 2517 Sophoclem
755 2445 898 2520 poetam,

205 2513 291 2594 hique
315 2517 352 2578 de
374 2520 523 2578 conununi
550 2517 649 2580 officio
672 2519 895 2597 conveniss'ent,

206 2591 238 2653 &
257 2593 321 2655 casu
336 2595 477 2657 formosus
498 2619 569 2678 puer
590 2603 770 2679 praeteriret,
796 2601 897 2664 dixis4

206 2671 305 2754 setque
324 2675 503 2756 Sophocles,
522 2675 552 2738 O
573 2699 695 2759 puerum
714 2681 891 2761 pulchrum,

207 2751 315 2832 Pericle
327 2756 335 2818 l
348 2760 392 2820 Ar
403 2761 473 2820 enim
488 2777 628 2841 pretorem
635 2805 647 2836 ,
662 2762 819 2844 Sophocle,
839 2767 898 2824 'de-
