1954 3604
185 255 345 322 Lrsnn
374 267 638 321 sncvrmrss.
692 249 778 346 205‘

81 367 149 442 tm,
172 367 255 428 ur'sde
273 381 327 426 aut·
335 368 417 426 initio
439 371 538 448 generi
557 368 686 428 hnmano
706 367 774 429 dari

82 447 264 528 potuissent,
284 465 332 506 aut
344 445 442 527 postea
456 447 618 521 subveniri,
638 451 668 508 si
674 464 722 508 nur
735 451 773 510 vi

82 527 278 608 tempestatis,
293 545 342 586 aut
352 544 434 586 rerrae
448 545 550 603 motu,
566 545 614 589 aut
626 526 773 606 vetnstate

84 606 251 669 cecidissent
261 653 271 681 ,
283 609 338 666 nisi
351 611 512 668 communis
525 611 588 670 vita
597 609 633 668 ab
645 609 769 668 homini-

3 755 4 760 ,
83 687 136 748 bus
155 689 260 748 harum
274 708 369 748 rerum
383 689 489 748 auxilia
502 708 600 770 petere
613 687 771 750 didiciffeti

83 767 125 828 At
141 767 284 830 deducens
297 789 453 848 aquarum,
465 769 659 832 derivationes
673 771 772 836 dumi*
803 791 806 796 ·

83 870 173 924 num,
194 870 212 907 a
231 869 330 908 rorum
349 851 548 930 irrigationes,
560 851 654 910 moles
670 872 768 931 oppo-

84 932 150 990 sitas
168 869 323 1001 fluimus,
345 947 445 1009 porrus
463 952 549 990 manu
566 929 675 1003 fabios,
688 953 771 1012 quae·

83 1008 115 1070 so
139 1056 147 1077 ,
174 1011 255 1070 unde
280 1012 340 1069 sine
366 1011 521 1070 hominum
545 1031 635 1090 opera
662 1012 772 1070 habere

105 1087 252 1150 offemus?
269 1109 305 1150 ex
317 1090 439 1169 quibus,
459 1090 611 1170 multisque
625 1092 685 1150 aliis
717 1109 772 1151 er-

83 1110 214 1250 ipicuum
232 1167 294 1244 est,
311 1173 359 1250 qui
375 1169 502 1242 studius,
519 1191 639 1252 quaeque
656 1112 772 1231 udita-

3 1257 5 1290 ἰ
84 1267 128 1310 res
141 1271 178 1310 ex
192 1250 278 1310 rebus
291 1252 347 1323 iis,
365 1271 429 1332 quae
448 1249 512 1310 sunt
527 1255 677 1325 inanimae,
697 1271 767 1332 per·

85 1332 308 1410 cipiamur,ess
322 1329 470 1390 nosnullo
486 1332 577 1391 modo
592 1334 654 1392 sine
667 1332 782 1392 homi·'

55 1462 58 1470 .
84 1431 154 1469 num
181 1431 271 1470 manu
292 1428 379 1490 arque
397 1433 416 1470 o
438 1431 487 1470 era
508 1433 541 1471 ca
562 1432 614 1472 ere·
632 1411 769 1493 potuiffe..

3 1527 5 1570 μ
85 1489 149 1570 Qui
170 1491 303 1572 denique
321 1511 356 1550 ex
373 1493 409 1551 be
435 1495 465 1551 'is
575 1515 607 1565 s,
627 1511 676 1553 aut
697 1513 763 1574 qnae

3 1627 4 1630 ,
85 1573 309 1644 commoditas,
332 1574 386 1630 nisi
409 1572 547 1633 homines.
569 1571 737 1649 adjuvarent
755 1599 776 1648 μ’

85 1655 197 1733 percipi
215 1649 332 1731 poss'et?
354 1671 421 1710 nam
442 1653 475 1711 &
494 1655 548 1734 qui
560 1655 704 1733 principes
715 1656 767 1712 in·

85 1732 224 1793 veniendi
240 1731 375 1805 fuerunt,
387 1753 476 1812 quem
487 1753 524 1793 ex
541 1753 654 1814 quaque
668 1731 770 1793 bellue

86 1812 165 1872 usum
192 1812 305 1872 habere.
328 1809 503 1892 possemus,
527 1813 661 1874 homines
688 1815 781 1874 certe

85 1891 222 1966 fuerunt3
244 1912 301 1952 nec
312 1892 369 1951 hoc
381 1910 514 1974 tempore
531 1897 593 1954 sine
613 1893 770 1954 hominum

4 1973 6 2002 ³
87 1993 176 2054 opera
191 1992 241 2034 aut
259 1970 374 2053 pascere
396 1993 467 2046 eas,
485 1988 532 2034 aut
556 1973 699 2046 domare,
716 1975 783 2034 aut'

87 2056 181 2126 tueri,
204 2069 253 2120 aut
268 2049 454 2132 tempestivos
474 2051 578 2114 nudus
597 2073 634 2114 ex
651 2056 696 2116 his
711 2069 777 2112 ca-'

88 2154 156 2214 pere
172 2131 320 2215 poffemus
330 2152 340 2191 s
351 2132 386 2191 ab
398 2131 564 2215 eisdemque
575 2134 612 2194 dc
622 2153 686 2205 ee,
701 2154 769 2215 quae

88 2231 195 2274 nocent
211 2259 220 2284 ,
237 2209 468 2286 interficiuntur3
485 2214 603 2294 &quse
618 2213 677 2276 usui
695 2227 784 2295 poss

89 2293 149 2354 firnt
164 2292 246 2367 effe,
264 2296 441 2374 cepionem·

131 2393 176 2455 ¹5·
194 2373 281 2452 Quid
299 2393 469 2434 enumerem
485 2374 593 2434 artium
606 2374 771 2435 multitudi-

89 2471 174 2528 nem,
196 2457 263 2514 sine
280 2453 381 2534 quibus
401 2457 462 2514 vita
477 2457 600 2513 omnino
611 2455 688 2516 nulla
707 2454 769 2519 eise

90 2531 225 2612 potuiffet·
241 2533 338 2613 depuis
359 2536 438 2593 enim
464 2535 545 2615 aegris
569 2532 732 2598 subveniret
753 2575 768 2614 ,

91 2633 150 2692 quae
171 2611 240 2674 effer
255 2612 408 2674 obleeiatio
424 2613 588 2675 valentinum
599 2660 617 2688 ,.
631 2619 687 2698 qui
696 2619 769 2678 vic-

90 2708 151 2767 tus,
164 2711 212 2754 aut
222 2694 313 2755 cultus
323 2739 332 2768 ‚
344 2696 398 2754 nisi
407 2710 466 2754 tam
479 2694 575 2754 multe
586 2697 670 2758 nobis
689 2714 764 2758 artes

90 2771 298 2838 annuens
315 2773 649 2859 snm-ressonis
666 2778 786 2842 som
