<?xml version="1.0" encoding="UTF-8"?>
<!DOCTYPE html PUBLIC "-//W3C//DTD XHTML 1.0 Transitional//EN"
    "http://www.w3.org/TR/xhtml1/DTD/xhtml1-transitional.dtd">
<html xmlns="http://www.w3.org/1999/xhtml" xml:lang="en" lang="en">
 <head>
  <title>
</title>
<meta http-equiv="Content-Type" content="text/html;charset=utf-8" />
  <meta name='ocr-system' content='tesseract 3.04.00' />
  <meta name='ocr-capabilities' content='ocr_page ocr_carea ocr_par ocr_line ocrx_word'/>
</head>
<body>
  <div class='ocr_page' id='page_1' title='image "./mtulliiciceroni11lallgoog/mtulliiciceroni11lallgoog_0148.png"; bbox 0 0 1954 3604; ppageno 0'>
   <div class='ocr_carea' id='block_1_1' title="bbox 220 265 739 358">
    <p class='ocr_par' dir='ltr' id='par_1_1' title="bbox 220 265 739 358">
     <span class='ocr_line' id='line_1_1' title="bbox 220 265 739 358; baseline -0.012 -20"><span class='ocrx_word' id='word_1_1' title='bbox 220 288 294 358; x_wconf 77' lang='lat'><strong>¹42</strong></span> <span class='ocrx_word' id='word_1_2' title='bbox 373 265 449 334; x_wconf 79' lang='lat' dir='ltr'><strong>Da</strong></span> <span class='ocrx_word' id='word_1_3' title='bbox 481 278 739 349; x_wconf 72' lang='lat' dir='ltr'><strong>oarrcrrs,</strong></span> 
     </span>
    </p>
   </div>
   <div class='ocr_carea' id='block_1_2' title="bbox 214 376 965 2055">
    <p class='ocr_par' dir='ltr' id='par_1_2' title="bbox 214 376 898 544">
     <span class='ocr_line' id='line_1_2' title="bbox 215 376 898 461; baseline -0.012 -19"><span class='ocrx_word' id='word_1_4' title='bbox 215 382 308 453; x_wconf 86' lang='lat' dir='ltr'><strong>dere,</strong></span> <span class='ocrx_word' id='word_1_5' title='bbox 327 399 391 461; x_wconf 82' lang='lat' dir='ltr'><strong>quae</strong></span> <span class='ocrx_word' id='word_1_6' title='bbox 414 381 514 460; x_wconf 82' lang='lat' dir='ltr'>reliqui</span> <span class='ocrx_word' id='word_1_7' title='bbox 532 377 642 438; x_wconf 88' lang='lat' dir='ltr'><strong>summa</strong></span> <span class='ocrx_word' id='word_1_8' title='bbox 662 376 711 438; x_wconf 86' lang='lat' dir='ltr'><strong>fiat</strong></span> <span class='ocrx_word' id='word_1_9' title='bbox 727 398 735 433; x_wconf 78' lang='lat' dir='ltr'><strong>r</strong></span> <span class='ocrx_word' id='word_1_10' title='bbox 750 395 791 436; x_wconf 82' lang='lat' dir='ltr'><strong>ex</strong></span> <span class='ocrx_word' id='word_1_11' title='bbox 812 393 898 455; x_wconf 86' lang='lat' dir='ltr'><strong>quo,</strong></span> 
     </span>
     <span class='ocr_line' id='line_1_3' title="bbox 214 457 814 544; baseline -0.01 -23"><span class='ocrx_word' id='word_1_12' title='bbox 214 479 355 544; x_wconf 89' lang='lat' dir='ltr'><strong>quantum</strong></span> <span class='ocrx_word' id='word_1_13' title='bbox 374 462 477 541; x_wconf 85' lang='lat' dir='ltr'><strong>tuique</strong></span> <span class='ocrx_word' id='word_1_14' title='bbox 488 460 625 519; x_wconf 80' lang='lat' dir='ltr'>debeatur</span> <span class='ocrx_word' id='word_1_15' title='bbox 640 503 649 530; x_wconf 86' lang='lat'>‚</span> <span class='ocrx_word' id='word_1_16' title='bbox 662 457 814 538; x_wconf 81' lang='lat' dir='ltr'><strong>intelligas.</strong></span> 
     </span>
    </p>

    <p class='ocr_par' dir='ltr' id='par_1_3' title="bbox 216 538 965 1478">
     <span class='ocr_line' id='line_1_4' title="bbox 257 538 900 616; baseline -0.008 -15"><span class='ocrx_word' id='word_1_17' title='bbox 257 545 306 601; x_wconf 87' lang='lat'><strong>60.</strong></span> <span class='ocrx_word' id='word_1_18' title='bbox 321 539 380 601; x_wconf 85' lang='lat' dir='ltr'><strong>Sed</strong></span> <span class='ocrx_word' id='word_1_19' title='bbox 398 559 430 602; x_wconf 87' lang='lat' dir='ltr'><strong>ut</strong></span> <span class='ocrx_word' id='word_1_20' title='bbox 445 560 499 600; x_wconf 88' lang='lat' dir='ltr'><strong>nec</strong></span> <span class='ocrx_word' id='word_1_21' title='bbox 519 538 644 611; x_wconf 83' lang='lat' dir='ltr'><strong>medici,</strong></span> <span class='ocrx_word' id='word_1_22' title='bbox 662 557 716 596; x_wconf 87' lang='lat' dir='ltr'><strong>nec</strong></span> <span class='ocrx_word' id='word_1_23' title='bbox 734 539 900 616; x_wconf 87' lang='lat' dir='ltr'><strong>imperato·</strong></span> 
     </span>
     <span class='ocr_line' id='line_1_5' title="bbox 216 619 900 698; baseline -0.01 -17"><span class='ocrx_word' id='word_1_24' title='bbox 216 641 282 693; x_wconf 85' lang='lat' dir='ltr'><strong>res,</strong></span> <span class='ocrx_word' id='word_1_25' title='bbox 299 640 354 680; x_wconf 90' lang='lat' dir='ltr'><strong>nec</strong></span> <span class='ocrx_word' id='word_1_26' title='bbox 372 639 522 691; x_wconf 84' lang='lat' dir='ltr'><strong>oratores,</strong></span> <span class='ocrx_word' id='word_1_27' title='bbox 541 620 671 698; x_wconf 84' lang='lat' dir='ltr'><strong>quamvis</strong></span> <span class='ocrx_word' id='word_1_28' title='bbox 685 619 752 676; x_wconf 87' lang='lat' dir='ltr'><strong>artis</strong></span> <span class='ocrx_word' id='word_1_29' title='bbox 765 635 900 696; x_wconf 82' lang='lat' dir='ltr'><strong>praecep·</strong></span> 
     </span>
     <span class='ocr_line' id='line_1_6' title="bbox 217 681 900 780; baseline -0.006 -20"><span class='ocrx_word' id='word_1_30' title='bbox 217 719 247 760; x_wconf 84' lang='lat' dir='ltr'><strong>ta</strong></span> <span class='ocrx_word' id='word_1_31' title='bbox 269 703 479 780; x_wconf 75' lang='lat' dir='ltr'><strong>perceperint,</strong></span> <span class='ocrx_word' id='word_1_32' title='bbox 503 699 659 780; x_wconf 84' lang='lat' dir='ltr'>quidquam</span> <span class='ocrx_word' id='word_1_33' title='bbox 685 697 791 778; x_wconf 77' lang='lat' dir='ltr'><strong>magnai</strong></span> <span class='ocrx_word' id='word_1_34' title='bbox 813 681 900 756; x_wconf 84' lang='lat' dir='ltr'><strong>laude</strong></span> 
     </span>
     <span class='ocr_line' id='line_1_7' title="bbox 217 775 902 862; baseline -0.009 -22"><span class='ocrx_word' id='word_1_35' title='bbox 217 781 336 862; x_wconf 88' lang='lat' dir='ltr'><strong>dignum</strong></span> <span class='ocrx_word' id='word_1_36' title='bbox 362 784 423 840; x_wconf 80' lang='lat' dir='ltr'><strong>sine</strong></span> <span class='ocrx_word' id='word_1_37' title='bbox 444 778 493 839; x_wconf 92' lang='lat' dir='ltr'><strong>usu</strong></span> <span class='ocrx_word' id='word_1_38' title='bbox 513 782 543 838; x_wconf 71' lang='grc' dir='ltr'><strong>ὃ(</strong></span> <span class='ocrx_word' id='word_1_39' title='bbox 565 779 769 839; x_wconf 81' lang='lat' dir='ltr'><strong>exercitatione</strong></span> <span class='ocrx_word' id='word_1_40' title='bbox 794 775 902 835; x_wconf 87' lang='lat' dir='ltr'><strong>conse-</strong></span> 
     </span>
     <span class='ocr_line' id='line_1_8' title="bbox 218 855 903 942; baseline -0.012 -22"><span class='ocrx_word' id='word_1_41' title='bbox 218 867 266 941; x_wconf 87' lang='lat' dir='ltr'><strong>qui</strong></span> <span class='ocrx_word' id='word_1_42' title='bbox 286 859 399 942; x_wconf 81' lang='lat' dir='ltr'><strong>poliunt</strong></span> <span class='ocrx_word' id='word_1_43' title='bbox 417 881 426 931; x_wconf 88' lang='lat'>;</span> <span class='ocrx_word' id='word_1_44' title='bbox 446 863 485 919; x_wconf 88' lang='lat' dir='ltr'><strong>sic</strong></span> <span class='ocrx_word' id='word_1_45' title='bbox 506 856 594 917; x_wconf 89' lang='lat' dir='ltr'><strong>officii</strong></span> <span class='ocrx_word' id='word_1_46' title='bbox 612 855 799 916; x_wconf 84' lang='lat' dir='ltr'><strong>conservandi</strong></span> <span class='ocrx_word' id='word_1_47' title='bbox 820 876 903 934; x_wconf 83' lang='lat' dir='ltr'><strong>prae-</strong></span> 
     </span>
     <span class='ocr_line' id='line_1_9' title="bbox 219 934 901 1020; baseline -0.007 -20"><span class='ocrx_word' id='word_1_48' title='bbox 219 960 304 1020; x_wconf 82' lang='lat' dir='ltr'><strong>cepta</strong></span> <span class='ocrx_word' id='word_1_49' title='bbox 326 941 473 1001; x_wconf 87' lang='lat' dir='ltr'><strong>traduntur</strong></span> <span class='ocrx_word' id='word_1_50' title='bbox 495 939 542 998; x_wconf 89' lang='lat' dir='ltr'><strong>illa</strong></span> <span class='ocrx_word' id='word_1_51' title='bbox 561 937 678 1018; x_wconf 87' lang='lat' dir='ltr'><strong>quidem</strong></span> <span class='ocrx_word' id='word_1_52' title='bbox 697 980 706 1007; x_wconf 89' lang='lat'>,</span> <span class='ocrx_word' id='word_1_53' title='bbox 728 952 760 995; x_wconf 90' lang='lat' dir='ltr'><strong>ut</strong></span> <span class='ocrx_word' id='word_1_54' title='bbox 778 934 901 995; x_wconf 84' lang='lat' dir='ltr'><strong>facimus</strong></span> 
     </span>
     <span class='ocr_line' id='line_1_10' title="bbox 219 1016 902 1100; baseline -0.004 -22"><span class='ocrx_word' id='word_1_55' title='bbox 219 1023 303 1100; x_wconf 72' lang='lat' dir='ltr'><strong>ipsi3</strong></span> <span class='ocrx_word' id='word_1_56' title='bbox 332 1020 381 1080; x_wconf 91' lang='lat' dir='ltr'><strong>sed</strong></span> <span class='ocrx_word' id='word_1_57' title='bbox 410 1022 451 1078; x_wconf 90' lang='lat' dir='ltr'><strong>rei</strong></span> <span class='ocrx_word' id='word_1_58' title='bbox 479 1018 645 1099; x_wconf 80' lang='lat' dir='ltr'><strong>magnitudo</strong></span> <span class='ocrx_word' id='word_1_59' title='bbox 671 1016 752 1075; x_wconf 88' lang='lat' dir='ltr'><strong>usum</strong></span> <span class='ocrx_word' id='word_1_60' title='bbox 780 1035 902 1095; x_wconf 85' lang='lat' dir='ltr'><strong>quoque</strong></span> 
     </span>
     <span class='ocr_line' id='line_1_11' title="bbox 218 1094 902 1177; baseline -0.009 -16"><span class='ocrx_word' id='word_1_61' title='bbox 218 1103 510 1177; x_wconf 81' lang='lat' dir='ltr'><strong>exercitationemque</strong></span> <span class='ocrx_word' id='word_1_62' title='bbox 531 1097 683 1158; x_wconf 83' lang='lat' dir='ltr'><strong>desiderat.</strong></span> <span class='ocrx_word' id='word_1_63' title='bbox 704 1094 801 1174; x_wconf 83' lang='lat' dir='ltr'><strong>Atque</strong></span> <span class='ocrx_word' id='word_1_64' title='bbox 813 1096 851 1153; x_wconf 86' lang='lat' dir='ltr'><strong>ab</strong></span> <span class='ocrx_word' id='word_1_65' title='bbox 869 1097 902 1155; x_wconf 80' lang='lat' dir='ltr'><strong>iis</strong></span> 
     </span>
     <span class='ocr_line' id='line_1_12' title="bbox 220 1175 904 1259; baseline -0.007 -21"><span class='ocrx_word' id='word_1_66' title='bbox 220 1182 326 1252; x_wconf 82' lang='lat' dir='ltr'><strong>rebus,</strong></span> <span class='ocrx_word' id='word_1_67' title='bbox 347 1199 410 1259; x_wconf 85' lang='lat' dir='ltr'><strong>quae</strong></span> <span class='ocrx_word' id='word_1_68' title='bbox 429 1177 492 1238; x_wconf 90' lang='lat' dir='ltr'><strong>sunt</strong></span> <span class='ocrx_word' id='word_1_69' title='bbox 511 1180 541 1236; x_wconf 84' lang='lat' dir='ltr'><strong>in</strong></span> <span class='ocrx_word' id='word_1_70' title='bbox 560 1177 620 1253; x_wconf 67' lang='lat' dir='ltr'><strong>jure</strong></span> <span class='ocrx_word' id='word_1_71' title='bbox 634 1176 775 1236; x_wconf 78' lang='lat' dir='ltr'><strong>societatis</strong></span> <span class='ocrx_word' id='word_1_72' title='bbox 797 1175 904 1234; x_wconf 89' lang='lat' dir='ltr'><strong>huma·</strong></span> 
     </span>
     <span class='ocr_line' id='line_1_13' title="bbox 220 1253 905 1340; baseline -0.009 -22"><span class='ocrx_word' id='word_1_73' title='bbox 220 1280 288 1331; x_wconf 70' lang='lat' dir='ltr'><strong>na,</strong></span> <span class='ocrx_word' id='word_1_74' title='bbox 310 1259 557 1340; x_wconf 79' lang='lat' dir='ltr'><strong>quemadmodum</strong></span> <span class='ocrx_word' id='word_1_75' title='bbox 577 1258 695 1318; x_wconf 90' lang='lat' dir='ltr'><strong>ducatur</strong></span> <span class='ocrx_word' id='word_1_76' title='bbox 720 1253 905 1327; x_wconf 84' lang='lat' dir='ltr'><strong>honestum,</strong></span> 
     </span>
     <span class='ocr_line' id='line_1_14' title="bbox 219 1329 965 1418; baseline -0.004 -20"><span class='ocrx_word' id='word_1_77' title='bbox 219 1358 256 1398; x_wconf 85' lang='lat' dir='ltr'><strong>ex</strong></span> <span class='ocrx_word' id='word_1_78' title='bbox 285 1359 344 1417; x_wconf 92' lang='lat' dir='ltr'><strong>quo</strong></span> <span class='ocrx_word' id='word_1_79' title='bbox 371 1356 471 1418; x_wconf 84' lang='lat' dir='ltr'><strong>aptum</strong></span> <span class='ocrx_word' id='word_1_80' title='bbox 498 1336 539 1398; x_wconf 79' lang='lat' dir='ltr'><strong>ett</strong></span> <span class='ocrx_word' id='word_1_81' title='bbox 567 1336 722 1408; x_wconf 81' lang='lat' dir='ltr'><strong>officium,</strong></span> <span class='ocrx_word' id='word_1_82' title='bbox 748 1333 812 1394; x_wconf 84' lang='lat' dir='ltr'><strong>satis</strong></span> <span class='ocrx_word' id='word_1_83' title='bbox 843 1335 906 1396; x_wconf 75' lang='lat' dir='ltr'><strong>fere</strong></span> <span class='ocrx_word' id='word_1_84' title='bbox 964 1329 965 1348; x_wconf 60' lang='lat'>¹</span> 
     </span>
     <span class='ocr_line' id='line_1_15' title="bbox 217 1417 352 1478; baseline 0.007 -2"><span class='ocrx_word' id='word_1_85' title='bbox 217 1417 352 1478; x_wconf 81' lang='lat' dir='ltr'><strong>diximus.</strong></span> 
     </span>
    </p>

    <p class='ocr_par' dir='ltr' id='par_1_4' title="bbox 221 1493 910 2055">
     <span class='ocr_line' id='line_1_16' title="bbox 264 1493 907 1578; baseline -0.003 -22"><span class='ocrx_word' id='word_1_86' title='bbox 264 1501 312 1556; x_wconf 85' lang='lat'><strong>61.</strong></span> <span class='ocrx_word' id='word_1_87' title='bbox 339 1496 561 1578; x_wconf 85' lang='lat' dir='ltr'><strong>Intelligendum</strong></span> <span class='ocrx_word' id='word_1_88' title='bbox 588 1493 629 1554; x_wconf 85' lang='lat' dir='ltr'><strong>est</strong></span> <span class='ocrx_word' id='word_1_89' title='bbox 656 1512 785 1567; x_wconf 79' lang='lat' dir='ltr'><strong>autern,</strong></span> <span class='ocrx_word' id='word_1_90' title='bbox 813 1515 907 1576; x_wconf 92' lang='lat' dir='ltr'><strong>quum</strong></span> 
     </span>
     <span class='ocr_line' id='line_1_17' title="bbox 223 1576 907 1657; baseline 0 -23"><span class='ocrx_word' id='word_1_91' title='bbox 223 1579 372 1655; x_wconf 82' lang='lat' dir='ltr'><strong>proposita</strong></span> <span class='ocrx_word' id='word_1_92' title='bbox 393 1579 448 1635; x_wconf 87' lang='lat' dir='ltr'><strong>sint</strong></span> <span class='ocrx_word' id='word_1_93' title='bbox 468 1597 573 1657; x_wconf 87' lang='lat' dir='ltr'><strong>genera</strong></span> <span class='ocrx_word' id='word_1_94' title='bbox 591 1593 712 1654; x_wconf 86' lang='lat' dir='ltr'><strong>quatuor</strong></span> <span class='ocrx_word' id='word_1_95' title='bbox 729 1616 739 1647; x_wconf 92' lang='lat'><strong>,-</strong></span> <span class='ocrx_word' id='word_1_96' title='bbox 761 1593 778 1633; x_wconf 86' lang='lat' dir='ltr'><strong>e</strong></span> <span class='ocrx_word' id='word_1_97' title='bbox 800 1576 907 1654; x_wconf 80' lang='lat' dir='ltr'><strong>quibus</strong></span> 
     </span>
     <span class='ocr_line' id='line_1_18' title="bbox 221 1651 909 1736; baseline 0 -22"><span class='ocrx_word' id='word_1_98' title='bbox 221 1655 352 1715; x_wconf 84' lang='lat' dir='ltr'><strong>honestas</strong></span> <span class='ocrx_word' id='word_1_99' title='bbox 380 1653 562 1736; x_wconf 87' lang='lat' dir='ltr'><strong>officiumque</strong></span> <span class='ocrx_word' id='word_1_100' title='bbox 587 1671 744 1724; x_wconf 85' lang='lat' dir='ltr'><strong>manaret,</strong></span> <span class='ocrx_word' id='word_1_101' title='bbox 775 1651 909 1732; x_wconf 87' lang='lat' dir='ltr'><strong>splendi-</strong></span> 
     </span>
     <span class='ocr_line' id='line_1_19' title="bbox 223 1733 907 1813; baseline 0.001 -21"><span class='ocrx_word' id='word_1_102' title='bbox 223 1734 373 1795; x_wconf 90' lang='lat' dir='ltr'><strong>dissimum</strong></span> <span class='ocrx_word' id='word_1_103' title='bbox 395 1737 515 1809; x_wconf 77' lang='lat' dir='ltr'><strong>uideri,</strong></span> <span class='ocrx_word' id='word_1_104' title='bbox 542 1733 622 1813; x_wconf 91' lang='lat' dir='ltr'><strong>quod</strong></span> <span class='ocrx_word' id='word_1_105' title='bbox 649 1736 746 1792; x_wconf 83' lang='lat' dir='ltr'><strong>animo</strong></span> <span class='ocrx_word' id='word_1_106' title='bbox 770 1755 907 1813; x_wconf 85' lang='lat' dir='ltr'><strong>magno,</strong></span> 
     </span>
     <span class='ocr_line' id='line_1_20' title="bbox 222 1811 907 1896; baseline 0 -22"><span class='ocrx_word' id='word_1_107' title='bbox 222 1816 376 1896; x_wconf 84' lang='lat' dir='ltr'><strong>elatoque,</strong></span> <span class='ocrx_word' id='word_1_108' title='bbox 389 1813 578 1893; x_wconf 84' lang='lat' dir='ltr'><strong>humanasque</strong></span> <span class='ocrx_word' id='word_1_109' title='bbox 595 1833 639 1872; x_wconf 86' lang='lat' dir='ltr'><strong>res</strong></span> <span class='ocrx_word' id='word_1_110' title='bbox 655 1811 830 1893; x_wconf 84' lang='lat' dir='ltr'><strong>despiciente</strong></span> <span class='ocrx_word' id='word_1_111' title='bbox 845 1813 907 1874; x_wconf 84' lang='lat' dir='ltr'><strong>fac-</strong></span> 
     </span>
     <span class='ocr_line' id='line_1_21' title="bbox 223 1893 910 1976; baseline 0 -22"><span class='ocrx_word' id='word_1_112' title='bbox 223 1911 284 1954; x_wconf 88' lang='lat' dir='ltr'><strong>tum</strong></span> <span class='ocrx_word' id='word_1_113' title='bbox 295 1899 339 1956; x_wconf 92' lang='lat' dir='ltr'><strong>sit.</strong></span> <span class='ocrx_word' id='word_1_114' title='bbox 347 1893 446 1974; x_wconf 87' lang='lat' dir='ltr'><strong>ltaque</strong></span> <span class='ocrx_word' id='word_1_115' title='bbox 456 1897 485 1952; x_wconf 89' lang='lat' dir='ltr'><strong>in</strong></span> <span class='ocrx_word' id='word_1_116' title='bbox 495 1896 607 1974; x_wconf 87' lang='lat' dir='ltr'><strong>probris</strong></span> <span class='ocrx_word' id='word_1_117' title='bbox 615 1895 738 1953; x_wconf 78' lang='lat' dir='ltr'><strong>maxime</strong></span> <span class='ocrx_word' id='word_1_118' title='bbox 748 1899 776 1952; x_wconf 87' lang='lat' dir='ltr'><strong>in</strong></span> <span class='ocrx_word' id='word_1_119' title='bbox 787 1913 910 1976; x_wconf 87' lang='lat' dir='ltr'><strong>promp-</strong></span> 
     </span>
     <span class='ocr_line' id='line_1_22' title="bbox 226 1971 740 2055; baseline -0.01 -19"><span class='ocrx_word' id='word_1_120' title='bbox 226 1991 257 2036; x_wconf 88' lang='lat' dir='ltr'><strong>tu</strong></span> <span class='ocrx_word' id='word_1_121' title='bbox 278 1974 336 2048; x_wconf 88' lang='lat' dir='ltr'><strong>est,</strong></span> <span class='ocrx_word' id='word_1_122' title='bbox 356 1977 380 2034; x_wconf 85' lang='lat' dir='ltr'><strong>si</strong></span> <span class='ocrx_word' id='word_1_123' title='bbox 397 1974 466 2055; x_wconf 89' lang='lat' dir='ltr'><strong>quid</strong></span> <span class='ocrx_word' id='word_1_124' title='bbox 482 1978 538 2036; x_wconf 87' lang='lat' dir='ltr'><strong>tale</strong></span> <span class='ocrx_word' id='word_1_125' title='bbox 557 1976 613 2034; x_wconf 82' lang='lat' dir='ltr'><strong>dici</strong></span> <span class='ocrx_word' id='word_1_126' title='bbox 632 1971 740 2053; x_wconf 85' lang='lat' dir='ltr'><strong>potest:</strong></span> 
     </span>
    </p>
   </div>
   <div class='ocr_carea' id='block_1_3' title="bbox 223 2112 925 2274">
    <p class='ocr_par' dir='ltr' id='par_1_5' title="bbox 223 2112 925 2274">
     <span class='ocr_line' id='line_1_23' title="bbox 226 2112 925 2183; baseline -0.006 -17"><span class='ocrx_word' id='word_1_127' title='bbox 226 2113 255 2166; x_wconf 84' lang='lat' dir='ltr'><em>V</em></span> <span class='ocrx_word' id='word_1_128' title='bbox 251 2133 277 2164; x_wconf 80' lang='lat' dir='ltr'><strong>ot</strong></span> <span class='ocrx_word' id='word_1_129' title='bbox 287 2115 371 2166; x_wconf 83' lang='lat' dir='ltr'><strong>etenim</strong></span> <span class='ocrx_word' id='word_1_130' title='bbox 379 2117 477 2182; x_wconf 73' lang='lat' dir='ltr'><strong>juvenes</strong></span> <span class='ocrx_word' id='word_1_131' title='bbox 487 2149 495 2176; x_wconf 92' lang='lat'>,</span> <span class='ocrx_word' id='word_1_132' title='bbox 506 2116 605 2168; x_wconf 81' lang='lat' dir='ltr'><strong>animum</strong></span> <span class='ocrx_word' id='word_1_133' title='bbox 614 2114 695 2183; x_wconf 78' lang='lat' dir='ltr'><strong>geritis</strong></span> <span class='ocrx_word' id='word_1_134' title='bbox 712 2112 848 2163; x_wconf 78' lang='lat' dir='ltr'><strong>muliebrem</strong></span> <span class='ocrx_word' id='word_1_135' title='bbox 859 2131 871 2174; x_wconf 78' lang='lat' dir='ltr'><strong>o&#39;</strong></span> <span class='ocrx_word' id='word_1_136' title='bbox 916 2166 925 2174; x_wconf 65' lang='grc'><em>,</em></span> 
     </span>
     <span class='ocr_line' id='line_1_24' title="bbox 223 2205 446 2274; baseline 0.022 -19"><span class='ocrx_word' id='word_1_137' title='bbox 223 2205 275 2256; x_wconf 78' lang='lat' dir='ltr'><strong>Illa</strong></span> <span class='ocrx_word' id='word_1_138' title='bbox 293 2208 374 2274; x_wconf 76' lang='lat' dir='ltr'><strong>virago</strong></span> <span class='ocrx_word' id='word_1_139' title='bbox 392 2211 446 2260; x_wconf 73' lang='lat' dir='ltr'><strong>viri.</strong></span> 
     </span>
    </p>
   </div>
   <div class='ocr_carea' id='block_1_4' title="bbox 223 2331 815 2540">
    <p class='ocr_par' dir='ltr' id='par_1_6' title="bbox 223 2331 815 2540">
     <span class='ocr_line' id='line_1_25' title="bbox 225 2331 551 2416; baseline 0.009 -25"><span class='ocrx_word' id='word_1_140' title='bbox 225 2331 257 2392; x_wconf 89' lang='lat'>&amp;</span> <span class='ocrx_word' id='word_1_141' title='bbox 270 2335 378 2414; x_wconf 86' lang='lat' dir='ltr'><strong>siquid</strong></span> <span class='ocrx_word' id='word_1_142' title='bbox 393 2335 551 2416; x_wconf 82' lang='lat' dir='ltr'><strong>ejusmodi:</strong></span> 
     </span>
     <span class='ocr_line' id='line_1_26' title="bbox 223 2463 815 2540; baseline 0.019 -28"><span class='ocrx_word' id='word_1_143' title='bbox 223 2463 347 2524; x_wconf 81' lang='lat' dir='ltr'><strong>Selmaei,</strong></span> <span class='ocrx_word' id='word_1_144' title='bbox 358 2471 387 2518; x_wconf 82' lang='lat' dir='ltr'><strong>dtr</strong></span> <span class='ocrx_word' id='word_1_145' title='bbox 398 2467 496 2536; x_wconf 64' lang='lat' dir='ltr'><strong>spolia,</strong></span> <span class='ocrx_word' id='word_1_146' title='bbox 507 2469 557 2517; x_wconf 82' lang='lat' dir='ltr'><strong>eine</strong></span> <span class='ocrx_word' id='word_1_147' title='bbox 563 2465 649 2534; x_wconf 80' lang='lat' dir='ltr'><strong>sudore</strong></span> <span class='ocrx_word' id='word_1_148' title='bbox 660 2467 815 2540; x_wconf 60' lang='lat' dir='ltr'><strong>&amp;sanguine</strong></span> 
     </span>
    </p>
   </div>
   <div class='ocr_carea' id='block_1_5' title="bbox 223 2587 911 2840">
    <p class='ocr_par' dir='ltr' id='par_1_7' title="bbox 223 2587 911 2840">
     <span class='ocr_line' id='line_1_27' title="bbox 225 2587 910 2680; baseline 0.019 -30"><span class='ocrx_word' id='word_1_149' title='bbox 225 2587 391 2672; x_wconf 77' lang='lat' dir='ltr'><strong>Contrique</strong></span> <span class='ocrx_word' id='word_1_150' title='bbox 415 2595 445 2652; x_wconf 89' lang='lat' dir='ltr'><strong>in</strong></span> <span class='ocrx_word' id='word_1_151' title='bbox 463 2594 615 2669; x_wconf 85' lang='lat' dir='ltr'><strong>laudibus,</strong></span> <span class='ocrx_word' id='word_1_152' title='bbox 627 2617 690 2677; x_wconf 86' lang='lat' dir='ltr'><strong>quae</strong></span> <span class='ocrx_word' id='word_1_153' title='bbox 708 2619 817 2680; x_wconf 82' lang='lat' dir='ltr'><strong>magno</strong></span> <span class='ocrx_word' id='word_1_154' title='bbox 840 2605 910 2663; x_wconf 82' lang='lat' dir='ltr'><strong>arri-</strong></span> 
     </span>
     <span class='ocr_line' id='line_1_28' title="bbox 223 2671 911 2764; baseline 0.023 -35"><span class='ocrx_word' id='word_1_155' title='bbox 223 2691 294 2744; x_wconf 83' lang='lat' dir='ltr'><strong>mo,</strong></span> <span class='ocrx_word' id='word_1_156' title='bbox 307 2672 339 2730; x_wconf 89' lang='lat'><strong>&amp;</strong></span> <span class='ocrx_word' id='word_1_157' title='bbox 352 2671 466 2764; x_wconf 59' lang='lat' dir='ltr'><strong>fortiter</strong></span> <span class='ocrx_word' id='word_1_158' title='bbox 486 2676 719 2759; x_wconf 87' lang='lat' dir='ltr'><strong>excellenterque</strong></span> <span class='ocrx_word' id='word_1_159' title='bbox 740 2677 817 2760; x_wconf 83' lang='lat' dir='ltr'><strong>gella</strong></span> <span class='ocrx_word' id='word_1_160' title='bbox 828 2680 911 2756; x_wconf 84' lang='lat' dir='ltr'><strong>sunt,</strong></span> 
     </span>
     <span class='ocr_line' id='line_1_29' title="bbox 224 2749 910 2840; baseline 0.02 -30"><span class='ocrx_word' id='word_1_161' title='bbox 224 2770 259 2810; x_wconf 85' lang='lat' dir='ltr'><strong>ea</strong></span> <span class='ocrx_word' id='word_1_162' title='bbox 285 2749 381 2816; x_wconf 76' lang='lat' dir='ltr'><strong>nescio</strong></span> <span class='ocrx_word' id='word_1_163' title='bbox 408 2755 559 2833; x_wconf 87' lang='lat' dir='ltr'><strong>quomodo</strong></span> <span class='ocrx_word' id='word_1_164' title='bbox 584 2760 666 2837; x_wconf 86' lang='lat' dir='ltr'><strong>quasi</strong></span> <span class='ocrx_word' id='word_1_165' title='bbox 694 2759 826 2840; x_wconf 83' lang='lat' dir='ltr'><strong>pleniore</strong></span> <span class='ocrx_word' id='word_1_166' title='bbox 857 2783 910 2825; x_wconf 90' lang='lat' dir='ltr'><strong>ore</strong></span> 
     </span>
    </p>
   </div>
   <div class='ocr_carea' id='block_1_6' title="bbox 0 0 995 3604">
    <p class='ocr_par' dir='ltr' id='par_1_8' title="bbox 0 0 995 3604">
     <span class='ocr_line' id='line_1_30' title="bbox 0 0 995 3604; baseline 0 0"><span class='ocrx_word' id='word_1_167' title='bbox 0 0 995 3604; x_wconf 95' lang='lat' dir='ltr'><strong> </strong></span> 
     </span>
    </p>
   </div>
  </div>
 </body>
</html>
