1990 3594
180 231 255 328 388
328 230 398 299 Dr
433 232 705 306 Auream.

178 349 212 407 &
229 349 283 405 erit
302 342 364 424 ejus
377 363 459 406 ortus
474 367 491 404 a
507 363 625 421 natura,
637 347 726 427 quim
746 344 783 405 ab
801 345 864 406 im-'

175 427 352 499 becillitate,
369 428 399 484 &
414 428 529 508 gravior
544 469 560 499 ,,
571 429 601 486 &
618 430 724 487 verior.
747 425 825 484 Nam
839 429 863 485 si

176 507 285 568 utilitas
314 508 451 566 amicitias
479 507 690 588 conglutinaret
714 552 724 580 ,
759 507 866 566 eadem

177 602 357 647 commutata
384 585 570 646 dillolveret:
593 587 643 648 sed
668 591 736 669 quia
763 605 865 647 natura

178 671 284 728 murari
302 687 362 726 non
378 664 492 746 potest,
507 667 618 728 idcirco
632 688 711 729 verae
728 669 864 727 amicitiae

178 747 360 828 sempiternae
379 746 450 806 sunt.
470 744 577 806 Ortum
595 749 714 828 quidem
732 749 865 806 amicitia

146 837 152 852 '
180 830 309 902 videtis,
335 828 390 886 nisi
418 827 487 907 quid
516 827 552 886 ad
577 827 637 887 haec
662 827 738 888 fortd
767 827 866 888 vultis.

179 909 335 970 humus.
351 906 400 966 Tu
414 909 486 967 vero
541 928 610 990 rge,
626 908 714 967 Laeli:
732 927 788 988 pro
807 909 865 967 hoc

182 992 283 1060 enim,
301 990 350 1068 qui
365 990 493 1047 minore
536 1005 602 1046 natu
612 1031 621 1060 ,
633 1008 701 1048 tneo
719 985 783 1066 jure
802 1009 868 1048 res·

182 1069 314 1152 pondeo.
341 1067 519 1127 Scfflvoan.
539 1066 630 1128 Retro
655 1085 687 1129 tu
719 1069 867 1150 quidem:

182 1149 374 1231 quamohrem
393 1147 550 1207 audiamus.

189 1268 194 1274 -
219 1229 265 1289 tX.
282 1228 418 1288 LAEuun
435 1225 543 1289 Audite
558 1249 649 1310 ergo,
666 1230 773 1310 optimi
792 1231 869 1304 viri,

183 1327 220 1370 ea
239 1328 301 1387 quae
318 1307 471 1388 saepissime
486 1310 560 1370 inter
577 1329 625 1370 me
645 1309 677 1368 δι
698 1309 869 1391 Scipionem

174 1389 222 1469 ⁸de
242 1391 366 1447 amicitia
385 1386 608 1465 disserebantur:
623 1409 802 1470 quamquam
818 1391 867 1451 ille

184 1468 304 1550 quldem
320 1469 390 1528 nihil
405 1467 544 1530 difficilius
559 1467 615 1530 elle
632 1470 765 1545 dicebat,
782 1471 870 1553 quam

182 1551 342 1612 amicitiam
362 1548 450 1630 usque
466 1552 502 1610 ad
523 1563 686 1611 extremum
702 1555 773 1613 vitae
821 1573 871 1612 er-

186 1649 319 1692 manere:
337 1649 424 1712 nam,
438 1631 486 1690 vel
501 1650 533 1689 ut
547 1651 608 1690 non
621 1631 701 1692 idem
717 1575 872 1712 expediret

185 1714 323 1792 utrique,
347 1711 473 1771 incidere
491 1709 584 1791 saepe3
604 1713 653 1772 vel
671 1728 703 1770 ut
722 1713 760 1774 de
781 1733 870 1794 repu-

184 1791 264 1852 blica
290 1811 350 1851 non
375 1793 453 1852 idem
472 1789 631 1852 sentirent:
654 1795 760 1852 mutari
781 1797 871 1854 etiam

186 1890 286 1932 mores
306 1871 457 1930 hominum
476 1871 550 1952 saepe
567 1873 704 1947 dicebat,
723 1873 793 1934 ali‘as
814 1875 870 1934 ad-

184 1954 279 2017 uersis
304 1953 388 2012 rebus
407 1997 418 2026 ,
435 1951 503 2012 alias
519 1969 601 2014 aetate
626 1955 845 2034 ingravescente
861 1972 871 2016 t

186 2045 275 2113 atque
293 2053 392 2093 earum
404 2053 498 2093 retum
513 2035 680 2114 exemplum
690 2054 728 2093 ex
740 2036 874 2096 similitu·

186 2113 259 2172 dine
275 2115 410 2194 capiebat
421 2115 542 2173 ineuntis
559 2117 667 2188 atatis,
686 2115 769 2195 quod
789 2115 872 2176 sum-

185 2195 232 2252 mi
250 2213 406 2272 puerorum
419 2214 532 2254 amores
546 2193 620 2274 saepe
637 2193 694 2254 uni
709 2213 777 2254 curn
795 2217 873 2278 prae·

187 2285 269 2333 texta
288 2291 475 2354 ponerentur.
862 2299 866 2312 ¹

202 2367 210 2440 j
232 2353 460 2438 ‘34ssSinautem
476 2355 512 2414 ad
525 2354 746 2416 adolescentiam
761 2359 874 2437 perdu-

189 2432 321 2507 xiss'ent;
344 2435 436 2494 dirimi
459 2451 555 2495 tamen
576 2437 719 2496 interdum
742 2456 873 2499 conten-¹

187 2513 293 2584 tione,
313 2515 361 2573 vel
379 2518 485 2575 uxoriae
502 2515 694 2589 conditionis,
713 2518 765 2576 ¹vel
785 2539 872 2579 cotn-

187 2592 274 2653 modi
291 2591 433 2672 alicujus,
456 2597 537 2678 quod
552 2593 633 2658 idem
653 2597 768 2676 adipisci
790 2616 873 2660 uter·

186 2683 249 2752 'que
267 2693 327 2732 non
350 2673 451 2755 pollet.
468 2675 564 2755 Quod
583 2680 605 2738 si
628 2679 678 2759 qui
698 2677 815 2757 longius
840 2683 870 2740 in

107 2786 110 2792 ·
189 2754 316 2822 amicitia
336 2755 465 2836 provecli
482 2755 571 2820 ellent
585 2801 596 2834 ‚
612 2775 708 2820 tamen
727 2757 805 2840 saepe
822 2759 869 2820 la·
