1990 3594
117 180 120 187 Ι
228 233 307 328 406
382 226 759 302 nennium.
842 236 846 241 ’
975 237 977 334 3

231 345 311 406 nulla
328 351 376 408 res
393 342 553 425 impediat,
575 362 665 406 uerno
683 342 754 420 est,
782 341 830 424 qui
850 336 915 408 noi
972 335 977 402 l

228 447 269 489 eo
294 471 305 501 ‚
334 445 396 506 quo
425 424 598 500 consuevit,
625 424 762 498 libentius
790 439 912 499 uranu,

229 505 321 589 quim
342 503 491 568 intractato
512 505 547 568 dt
566 523 671 568 novos
692 525 749 568 nec
767 505 862 566 modo
884 509 911 565 in

232 589 313 662 hoc,
333 587 413 668 quod
427 584 469 646 est
484 587 609 663 animal,
628 585 680 648 sed
698 588 730 647 in
749 585 785 646 iis
801 588 911 664 mam,

230 689 298 750 quae
318 665 384 729 sunt
406 667 589 743 inanimata,
607 665 790 730 consuetudo
807 667 888 729 valet
902 685 912 739 3

234 769 325 832 quum
338 748 409 812 locis
423 750 512 812 etiam
526 749 596 830 ipsis
610 749 774 811 montuosis
787 745 914 808 telonea

233 851 325 904 mur,
350 829 384 892 dt
406 825 600 906 silvestribus,
623 832 654 890 in
676 829 782 913 quibus
807 827 914 890 diutius
974 865 977 954 q

233 911 406 974 commorati
424 910 530 972 sutnus.
976 963 977 984 ,

276 991 327 1068 69.
344 989 403 1054 sed
417 991 575 1056 mutimum
591 986 634 1050 est
651 989 682 1050 in
698 987 845 1063 amicitia,
864 987 913 1050 su·
976 985 977 1022 l

237 1074 383 1154 petionem
398 1092 498 1152 parem
514 1068 570 1132 effe
582 1069 728 1132 inferiori:
741 1068 778 1130 sa
833 1072 913 1132 enim

235 1152 414 1214 excellentie
446 1152 578 1232 quaedam
609 1149 699 1225 sunr;
725 1089 820 1230 quilii
852 1167 913 1212 erat

233 1231 377 1313 Scipionis
395 1233 426 1290 in
441 1230 561 1306 nostro,
579 1247 612 1292 ut
626 1235 668 1294 ita
681 1231 801 1306 dicam,
815 1249 913 1314 grege.

233 1311 399 1392 Numquam
421 1309 450 1372 se‘
471 1312 520 1372 ille·
540 1310 644 1388 Philo,
666 1331 828 1394 numquam
847 1311 914 1372 Ru·
975 1385 977 1392 s

232 1391 327 1472 pilio,
356 1411 517 1474 numquam
542 1391 689 1454 Mummio
703 1464 704 1467 Ἴ
718 1390 883 1473 anteposuit
901 1408 912 1467 ·,

230 1491 392 1555 numquam
420 1473 562 1535 inferioris
587 1475 696 1534 ordinis
724 1474 835 1534 amicis.
869 1472 914 1552 Q.

230 1555 304 1614 verb
326 1553 491 1616 Maximum·
508 1553 657 1629 fratrem,
682 1553 833 1639 egregium
856 1556 910 1614 vi·

232 1655 298 1695 rum
321 1663 346 1706 ,¹
361 1634 483 1695 omnino
506 1633 560 1694 sibi
579 1654 762 1715 nequaquam
780 1645 909 1714 parem,

233 1714 316 1796 qubd
331 1717 356 1776 is
378 1714 504 1776 anteibat
526 1722 633 1789 (etate,
656 1723 804 1794 tamquam
825 1713 912 1794 supe·

234 1798 342 1856 rioretn
367 1794 506 1866 colebat·;
532 1793 653 1877 suosque
674 1813 778 1858 omnes
801 1813 856 1878 per
882 1793 912 1857 se

234 1873 293 1938 effe
313 1875 467 1954 ampliores
487 1874 616 1937 volebat.
716 1903 719 1910 ·

273 1974 325 2035 70.
361 1953 455 2033 Quod
482 1953 648 2017 faciendum
678 1953 912 2038 imitandumque

234 2034 277 2098 est
298 2035 454 2098 omnibus:
481 2053 536 2108 ut,
561 2039 586 2096 si
613 2057 700 2118 quam
720 2034 912 2117 praestantiam

232 2118 367 2190 virtutis,
380 2118 506 2200 ingenii,
521 2115 645 2178 fortune
661 2116 808 2178 consecuti
821 2115 886 2178 sunt
900 2161 911 2192 ‚

233 2199 399 2278 impertiant
433 2217 498 2258 eant
527 2196 610 2273 suis,
636 2199 910 2280 communicentque

229 2297 299 2336 cum
330 2280 495 2359 proitimis:
519 2287 577 2353 ut,
609 2280 633 2337 si
659 2278 828 2360 patentibus
851 2280 909 2339 nati

229 2360 290 2418 sint
319 2357 499 2433 humilibus,
525 2361 551 2418 si
574 2358 755 2441 propinquos
776 2357 908 2420 babeant

231 2438 437 2500 imbecilliores
459 2437 507 2500 vel
537 2441 663 2514 animo,
687 2438 738 2502 vel
763 2437 907 2512 fortuni,

202 2535 331 2578 'eorum
356 2537 480 2600 augeant
501 2537 591 2599 opes,
616 2519 712 2601 eisque
729 2517 837 2581 honori
854 2523 908 2580 sint

205 2620 207 2624 ·
230 2595 263 2656 δι
281 2597 432 2678 dignitati3
454 2617 485 2658 ut
506 2603 539 2659 in
553 2600 678 2674 fabulis,
696 2602 746 2682 qui
762 2601 907 2681 aliquam·

229 2675 283 2736 diu
300 2693 420 2758 propter
432 2679 646 2760 ignorationem
661 2679 753 2762 stirpis
770 2680 804 2741 δι
821 2699 909 2763 gene·

226 2759 269 2820 ris
296 2759 327 2820 in
356 2757 494 2824 bmttlatu
521 2759 653 2840 fuerint,
685 2781 775 2846 quum
798 2762 910 2844 cogniti
957 2813 975 2860 ι
