1956 3614
212 218 266 291 26
361 217 438 286 Du
473 225 736 308 ruuruur',

211 334 263 406 di,
285 352 370 473 auam
392 335 441 414 qui
458 334 633 416 ignorat‚is
652 333 695 397 est
706 333 895 416 injustus,si·

205 434 249 485 ,ve
268 433 284 474 e
325 415 373 474 illa
389 415 490 494 scripta
509 414 642 495 uspiam,
660 418 722 478 sive
746 417 897 499 nusquam.

211 493 308 572 Quod
328 497 351 554 si
372 492 472 569 justitia
493 494 533 556 est
553 497 766 578 obtemperatio
787 498 897 580 scriptis

205 575 323 714 ,lepibus
338 573 523 656 institutisque
541 579 738 658 populorum,
750 579 782 638 ὃ(
800 581 847 652 si,
865 597 898 640 ut

210 657 232 714 ii
254 677 301 716 ern
331 656 455 729 dicunt,
480 658 599 718 utilitate
628 661 726 718 omnia
752 661 898 720 metienda

211 736 294 808 sunt;
317 738 445 819 negliget
463 737 562 819 leges,
584 738 688 819 easque
707 759 822 818 perrurn
846 757 896 816 et,

210 819 238 878 si
254 820 380 896 poterit,
400 819 442 890 is,
463 821 512 900 qui
530 819 585 878 sibi
605 839 670 879 eam
689 839 753 878 rem
770 819 816 879 fru
862 842 899 880 o-

212 897 272 966 sam
291 899 402 978 putabit
420 897 499 958 fore·
515 896 558 958 Ita
576 897 609 958 fit
626 900 752 959 utnulla
771 903 807 960 sit
832 921 898 960 orn-

212 982 283 1040 nino
303 975 426 1058 justitia,
443 981 572 1060 sineque
590 979 692 1040 natura
712 977 771 1052 est,
792 980 823 1040 δι
842 1001 898 1055 ea,

212 1081 279 1141 quae
299 1077 418 1139 propter
437 1061 587 1120 utilitatem
605 1057 799 1135 constituitur,
821 1063 901 1122 utili-

214 1158 275 1208 tate
295 1140 350 1198 alifi
369 1139 550 1200 convellitur.

180 1251 182 1253 ·
256 1238 306 1300 43.
327 1218 446 1300 Atqui,
466 1222 490 1280 si
509 1237 609 1280 natura
630 1217 833 1281 confirmatura
854 1219 901 1300 jus

214 1321 277 1362 non
298 1303 375 1375 erit,
398 1302 519 1361 virtutes
541 1320 643 1360 omnes
663 1301 827 1362 tollantur:
850 1303 901 1362 ubi

216 1383 295 1442 enirn
316 1380 491 1455 liberalitas,
516 1381 566 1442 ubi
591 1383 689 1462 patriae
713 1385 833 1456 caritas,
851 1383 903 1442 ubi

216 1464 326 1544 pietas,
338 1463 387 1521 ubi
398 1478 446 1522 aut
454 1462 529 1522 bene
540 1463 671 1522 merendi
682 1461 718 1522 de
730 1463 842 1534 altero,
855 1481 904 1524 aut

215 1541 375 1606 referendae
397 1545 493 1624 gratie
505 1544 639 1604 voluntas
658 1545 767 1622 poterit
785 1541 904 1604 exsiste-

142 1628 145 1634 '
219 1623 273 1684 re?
294 1645 361 1682 narn
379 1623 441 1686 ltaec
455 1623 605 1684 nascentur
620 1643 658 1683 ex
676 1643 733 1695 eo,
751 1623 832 1705 quiid
852 1646 904 1684 na·

218 1704 284 1765 turi
305 1706 444 1784 propensi
460 1704 553 1764 sumus
572 1704 608 1763 ad
621 1703 782 1785 diligendos
803 1703 905 1764 homi-

219 1803 294 1856 nes;
312 1784 392 1866 quod
409 1783 630 1844 fundamentum
642 1781 709 1861 juris
730 1781 788 1843 est:
806 1803 905 1865 neque

219 1864 314 1926 sollun
330 1868 365 1924 in
379 1865 513 1926 homines
530 1864 686 1944 obsequia,
705 1863 753 1924 sed
770 1867 858 1923 etiam
875 1868 905 1924 in

220 1946 295 2006 deos
316 1947 493 2005 caeremoniae
515 1944 724 2046 religionesque
746 1944 907 2018 tolluntur3

222 2048 293 2107 quas
307 2047 368 2085 non
378 2043 476 2100 metu,
491 2023 586 2086 sedea
602 2021 821 2101 conjunclione,
841 2045 908 2106 quae

222 2106 265 2170 est
275 2108 386 2168 homini
406 2128 473 2169 cum
486 2106 564 2181 deo,
575 2103 782 2166 conservandas
794 2123 878 2185 puto.

264 2187 350 2246 XVl.
377 2185 473 2265 Quod
499 2190 524 2247 si
550 2186 725 2267 populorum
747 2183 858 2263 jussis,
884 2189 910 2246 si

224 2270 387 2356 principum
406 2268 547 2338 decretis,
567 2269 591 2326 si
602 2265 745 2326 sententiis
761 2263 909 2343 judicum,

224 2369 288 2436 jura
312 2344 563 2419 constituerentur3
577 2345 620 2427 jus
637 2343 705 2406 ellet
716 2346 882 2418 latrocinari
899 2368 908 2406 ι

225 2449 292 2506 lus,
307 2428 481 2490 adulterare:
498 2425 559 2504 jus,
574 2425 741 2488 testamenta
753 2425 821 2486 falsa
841 2427 912 2508 sup-

227 2528 356 2589 ponere,
375 2512 398 2567 si
415 2509 475 2570 haec
487 2505 622 2684 suffragiis
632 2552 641 2580 ,
653 2525 701 2567 aut
715 2506 789 2567 scitis
806 2510 912 2570 multi-

226 2589 542 2668 tudinis-probarentur.
594 2611 637 2648 uae
650 2590 675 2647 si
689 2604 766 2646 tanta
783 2575 912 2667 potestas

228 2665 272 2732 est
291 2665 439 2729 stultomrn
460 2669 604 2730 sententiis
630 2685 715 2750 atque
737 2665 851 2746 jussis,
879 2687 914 2732 ut

225 2769 332 2812 eorum
355 2746 491 2834 suffragiis
509 2769 607 2813 return
628 2767 728 2812 natura
750 2767 913 2826 vertantr3
