1956 3614
171 251 337 330 ΜΒΝ
368 263 638 320 sschDUS.
707 264 755 338 41

113 374 141 437 3.
154 360 203 423 M.
214 359 280 443 Ego
294 361 387 434 verb,
399 381 488 442 quum
506 360 573 422 licet
591 361 686 442 plures
696 359 759 420 dies

71 439 165 502 abesse
181 486 192 514 ‚
214 440 373 520 praesertim
390 442 447 501 hoc
462 459 593 521 tempore
614 444 702 513 anni,
727 443 759 502 &

76 524 273 582 amoenitatem
290 521 363 580 hanc
381 521 412 580 &
427 520 617 582 salubritatem
631 522 734 602 sequor
750 539 762 594 ;

75 602 137 660 rard
164 619 261 662 aurem
291 602 367 661 licet.
391 600 449 661 Sed
474 604 609 662 nimirum
633 622 681 662 me
705 601 761 662 aliu

73 701 191 762 quoque
210 680 292 742 causa
311 680 452 754 delectat,
472 703 534 763 quae
551 699 659 762 terion
675 684 761 741 attiu-

71 763 184 901 Kiltita.
202 761 283 822 Απ.
304 761 382 840 Quae
398 761 515 821 tandem
534 761 583 821 ista
597 761 678 822 causa
697 759 761 822 est?

131 841 234 921 Quia,
250 845 274 900 si
289 862 391 901 verum
403 841 522 902 dicimus
532 887 541 915 ‚
552 843 612 902 haec
622 842 663 902 est
676 862 760 913 mea,

74 922 108 980 &
130 919 216 1000 hujus
232 921 323 981 fratris
340 925 399 997 mei
418 940 553 1002 germana
570 925 677 1002 patria:
692 920 759 981 hinc

73 1003 155 1062 enim
178 1004 233 1061 orti
253 1002 338 1080 stirpe
359 1002 576 1084 antiquissimi:
599 1001 645 1060 hic
666 999 761 1076 sacra,

72 1081 120 1140 hic
164 1101 265 1155 enus,
289 1082 334 1140 hic
357 1079 501 1160 majorum
524 1081 611 1141 multa
633 1080 763 1162 vestigia.

74 1103 162 1241 Quid
178 1161 283 1242 plura?
301 1155 375 1221 hanc
394 1162 476 1224 vides
493 1162 593 1232 villam
608 1205 617 1235 ,
634 1178 665 1222 ur
684 1181 761 1222 nunc

76 1243 194 1322 quidem
215 1241 275 1315 est,
289 1241 391 1303 lautius
411 1240 578 1302 adificaram
591 1245 677 1322 patris
693 1263 762 1302 nos-

72 1325 108 1382 tri
129 1321 243 1394 studi03
261 1325 310 1403 qui
325 1344 417 1404 quum
432 1319 500 1383 effer
516 1320 627 1382 infirmd
641 1322 760 1395 valetu-

73 1403 163 1476 dine,
184 1403 232 1463 hic
244 1401 303 1462 fere
323 1420 437 1463 aetarem
455 1405 515 1484 egit
534 1405 564 1463 in
579 1403 678 1462 litteris
688 1423 699 1475 :¹
710 1402 760 1464 sed

71 1481 130 1556 hoc
152 1482 217 1562 ipso
239 1485 269 1540 in
286 1481 352 1542 loco
369 1504 457 1563 quum
478 1504 547 1544 avus
567 1485 702 1555 viveret,
725 1485 759 1544 &

72 1565 194 1642 antiquo
211 1582 292 1622 more
306 1582 395 1640 parua
408 1561 477 1623 esset
488 1563 575 1634 villa,
594 1579 626 1621 ur
637 1563 685 1622 illa
697 1559 761 1622 Cu-

73 1641 154 1704 riana
179 1645 209 1704 in
234 1641 374 1716 Sabinis,
399 1661 447 1702 me
470 1641 539 1702 scito
568 1641 623 1702 effe
651 1659 761 1704 natum.

73 1713 179 1802 Quare
198 1719 271 1782 mest
286 1720 381 1782 nescio
401 1723 493 1803 qud,
513 1723 543 1782 u
562 1722 631 1784 latet
646 1726 676 1782 in
697 1725 761 1782 ani-

72 1825 125 1863 mo
142 1823 177 1862 ac
195 1800 275 1862 sensu
293 1823 381 1875 meo,
399 1823 457 1883 quo
473 1822 519 1862 me
534 1803 597 1882 plus
616 1803 662 1860 hic
678 1803 760 1862 locus

73 1881 190 1948 fortasse
216 1880 353 1942 delester:
376 1882 518 1962 siquidem
536 1885 623 1942 etiam
645 1882 692 1942 ille
716 1879 760 1942 sa·

71 1965 271 2044 pientissimus
286 1965 354 2035 vir,
371 1960 496 2022 Ithacam
515 1982 546 2022 ut
560 1962 694 2036 videret,
706 1963 762 2022 im-

72 2044 283 2105 mortalitatem
298 2041 426 2102 scribitur
441 2040 610 2122 repudiasse.

114 2123 160 2184 ll.
178 2121 261 2182 ΑΠ.
272 2119 334 2203 Ego
346 2124 418 2182 verb
432 2122 484 2183 tibi
493 2120 573 2182 istam
583 2119 683 2198 justam
697 2141 763 2180 cau·

13 2243 14 2246 =
73 2202 133 2268 sam
151 2221 243 2285 puro,
258 2222 308 2262 cur
321 2203 376 2262 huc
387 2202 521 2263 libentius
539 2203 657 2275 venias,
675 2219 762 2282 atque

73 2283 152 2344 hunc
173 2285 272 2344 locum
292 2283 342 2341 dili
361 2305 402 2342 as.
426 2281 509 2359 Quin
526 2281 610 2362 ipse,
625 2283 694 2343 vere
717 2283 761 2342 di·

75 2385 162 2440 tam,
180 2363 241 2424 sum
254 2362 295 2422 illi
312 2304 388 2422 v'fflae
399 2365 518 2426 amicior
539 2363 630 2423 modi>
650 2361 762 2436 fadus,

76 2463 162 2526 atque
181 2444 249 2506 huic
266 2446 349 2504 omni
369 2441 452 2517 solo,
466 2446 496 2502 in
510 2464 568 2523 quo
583 2462 614 2502 ru
629 2461 706 2503 ortus
727 2443 761 2504 &

75 2543 243 2608 procreatus
261 2542 311 2584 es:
325 2544 478 2586 movemur
491 2526 570 2584 enim
585 2521 680 2583 nescio
699 2543 759 2604 quo

77 2603 161 2687 pado
179 2605 251 2666 locis
268 2605 358 2684 ipsis,
383 2608 412 2664 in
425 2603 527 2686 quibus
545 2624 665 2679 eorum,
686 2625 762 2684 quos

79 2686 247 2768 diligimus,
269 2702 318 2743 aut
334 2684 530 2759 admiramur,
552 2683 652 2744 adsum
673 2681 762 2744 vesti·

81 2785 141 2850 gra:
159 2787 205 2830 me
224 2764 346 2850 quidem
364 2764 430 2848 ipsae
448 2765 501 2828 111ae
514 2763 614 2828 nostrae
636 2755 762 2864 Atheriau
