1956 3614
240 264 399 330 Lim
425 271 636 332 unimus.
728 263 776 356 1'7‘

98 375 245 452 obscuras,
256 398 312 437 nec
330 375 393 436 satis
407 376 543 440 enodatas
556 376 777 461 intelligentiam

102 461 177 537 quasi
194 457 383 518 fundamenta
392 457 523 537 quaedam
538 458 678 518 scientiae:
698 457 778 542 figu-

104 557 159 594 ram
197 559 213 599 e
235 540 366 617 corporis
386 537 510 600 habilem
529 540 563 600 .&
576 555 672 618 aptam
691 540 781 622 ingen

103 618 149 676 nio
161 560 289 678 Timauo
302 618 400 678 dedit:
414 640 481 676 nam
496 641 584 700 quum
597 637 704 680 ceteras
716 622 783 680 ania

101 716 206 759 mantes
218 695 363 776 abjeciffet
374 698 410 756 ad
421 697 529 778 pastum
542 746 551 770 ‚
567 698 658 758 solum
678 699 779 759 homi-

100 796 166 836 nem
185 781 298 851 erexit,
314 779 350 837 ad
364 777 489 858 coelique
501 781 581 859 quasi
601 781 782 860 cognationis

101 856 295 939 domiciliique
315 856 422 939 pristini
434 858 616 938 conspe&um
626 861 781 920 excitavit:

101 953 163 996 tum
182 939 306 1018 speciem
325 942 365 998 ita
385 937 521 999 formavit
541 942 598 998 otis
616 985 625 1012 ,
645 941 726 999 utin
746 959 782 1000 ea

102 1021 214 1096 penitus
226 1019 390 1078 reconditos
401 1039 499 1078 mores
511 1018 670 1100 effingeret.

141 1118 187 1174 27.
211 1098 286 1158 Nam
301 1099 332 1158 &
346 1099 422 1157 oculi
437 1101 522 1158 nimis
543 1101 653 1181 arguti,
675 1113 783 1179 quemi
852 1141 854 1148 ,

101 1177 259 1240 admodum
279 1181 374 1238 animo
387 1176 478 1238 affetti
489 1182 593 1253 simus,
604 1179 780 1260 loquuntur:

101 1257 131 1318 ὃ(
147 1261 194 1332 is,
216 1263 295 1340 quia
316 1259 437 1340 pellatur
457 1261 568 1331 vultus,
584 1262 634 1340 qui
650 1259 729 1318 nullo
751 1262 784 1320 in

100 1340 244 1401 animante
265 1281 341 1413 εΠΡε,
362 1357 463 1427 prseter
482 1339 651 1412 hominem,
669 1337 784 1419 potest,

100 1419 208 1478 indicat
227 1440 345 1492 mores,
361 1440 440 1499 cujus
461 1422 521 1480 vim
545 1419 641 1480 Graeci
661 1437 783 1492 norunt‚·

98 1519 211 1560 nomen
230 1503 349 1558 omnino
370 1521 431 1558 non
450 1500 565 1560 habent.
586 1497 702 1559 Omitto
723 1522 783 1580 op·

99 1582 290 1658 portunitates
306 1578 518 1661 habilitatesque
528 1581 631 1660 reliqui
642 1581 785 1658 corporis,

99 1659 333 1734 moderationem
353 1663 456 1734 vocis,
474 1663 609 1722 orationis
620 1662 702 1730 vim,
721 1680 786 1739 quae

101 1740 279 1806 conciliatrix
292 1737 473 1800 esthumanae
489 1742 614 1800 maxime
634 1739 788 1802 societatis-²
816 1798 822 1813 ,

101 1817 210 1900 Neque
222 1823 300 1879 enim
310 1821 408 1879 omnia
418 1818 479 1880 sunt
491 1819 573 1898 hujus
586 1818 787 1898 disputationis

100 1921 136 1960 ac
151 1903 290 1980 temporis
302 1920 311 1972 3
324 1900 355 1958 &
367 1901 442 1959 hunc
461 1899 558 1960 locum
577 1899 660 1970 satis,
673 1916 705 1960 ut
714 1899 787 1961 mihi

99 1979 241 2052 videtur,
261 1982 291 2038 in
310 1982 344 2040 iis
365 1981 442 2042 libris
456 2003 563 2062 ‚quos
585 1977 711 2118 ὶεέἰᾶἰε,
729 1987 787 2039 'exa

101 2064 208 2140 pressit
228 2059 336 2140 Scipio.
354 2059 438 2124 Nunc
460 2064 596 2140 quoniam
636 2061 787 2134 ominem‚·

103 2141 187 2222 quod
213 2143 384 2220 principium
407 2140 579 2221 reliquarum
608 2158 704 2198 rerum
730 2135 790 2200 ess'e

101 2220 218 2290 voluit,
230 2223 378 2302 generavit
390 2221 422 2280 ὃ(
434 2223 547 2281 ornavit
557 2219 640 2281 Deus
652 2263 660 2290 ‚
673 2218 788 2300 perspi-¹

103 2321 193 2360 cuum
213 2303 249 2360 sit
260 2301 330 2360 illud
344 2300 405 2381 (ne
420 2303 518 2360 omnia
531 2299 716 2380 differantur)
736 2303 787 2380 ip-

104 2380 166 2442 sam
183 2379 274 2460 perse
289 2399 416 2440 naturam
430 2381 543 2463 longius
555 2381 707 2462 progredi:
723 2401 787 2461 quas

105 2464 194 2521 etiam
204 2461 284 2524 nullo
305 2461 427 2526 docente
440 2459 568 2541 profetia
584 2461 619 2520 ab
640 2461 674 2518 iis
686 2504 696 2532 ‚
708 2481 787 2540 quo-

106 2562 193 2614 rum,
211 2560 248 2600 ex
265 2543 357 2621 prima
379 2543 411 2601 &
431 2541 563 2602 inchoata
581 2539 789 2622 intelligentias

25 2666 28 2675 .
108 2635 213 2706 genera
225 2625 384 2703 cognovit,
396 2619 546 2682 confirmat
557 2620 615 2702 ipsa
627 2620 717 2700 perse
740 2643 786 2680 ta-

107 2704 218 2766 tionem
237 2701 270 2761 &
289 2701 407 2782 perficit.

148 2779 187 2842 X.
209 2780 294 2844 Αττ.
310 2779 362 2845 Dii
373 2782 548 2862 immortates
558 2780 666 2865 ,qu‘am
678 2798 711 2844 tu
721 2780 797 2844 lon-a
