1928 3602
183 273 236 376 '56
344 277 417 347 Dr
447 290 692 361 recisus,
740 361 742 365 ι

182 389 262 450 Tum
281 393 405 452 maxime
424 392 454 452 ὃ(
467 395 625 472 pietatem,
645 390 675 450 δι
691 388 871 472 religionem

173 469 287 531 uersari
302 473 331 530 in
344 474 463 546 animis,
479 494 567 552 quum
580 471 664 530 rebus
675 470 783 530 divinis
793 492 872 551 ope·

173 571 244 610 sam
256 551 409 624 daremus·,
420 552 540 633 &quod
551 549 658 610 Thales
669 595 678 624 ,
691 552 740 630 qui
749 550 871 629 sapien-

176 632 307 690 ·rissimus
332 634 361 690 in
379 632 490 712 septem
508 631 582 704 fuit,
604 630 748 690 Homines
769 628 872 691 existi-

183 731 262 770 mare
287 729 439 790 oportere,
464 715 562 772 omnia
582 731 645 790 quae
660 727 870 786 emerentur,

175 790 306 852 ‚deorum
317 790 372 852 elle
393 793 495 872 plena:
507 791 569 850 fore
583 794 661 850 enim
678 811 781 850 omnes
801 811 869 850 cas·

177 872 293 946 riores,
314 873 405 932 veluti
423 874 518 952 quiin
541 869 612 930 fanis
631 867 720 930 essent
737 872 868 930 maxime

182 952 333 1034 religiosis.
354 950 402 1010 Est
412 954 490 1011 enim
506 951 629 1031 quadarn
645 953 784 1030 opinione
798 949 869 1030 spe·

182 1033 242 1090 cies
258 1032 379 1092 deorum
390 1036 420 1092 in
436 1032 545 1105 oculis,
560 1052 620 1090 non
632 1029 723 1091 solum
739 1032 769 1089 in
783 1051 870 1095 men·

179 1111 265 1172 tibus.

225 1211 273 1266 27.
293 1189 491 1271 Eamdemque
509 1193 650 1252 rationem
671 1189 727 1248 luci
755 1189 867 1251 habent

173 1272 213 1330 ¹in
233 1273 428 1351 agris:neque
446 1291 496 1342 ea,
512 1293 574 1350 quae
592 1293 609 1330 a
630 1266 783 1346 majoribus
794 1290 868 1350 pro·

182 1349 242 1410 dita
262 1348 303 1410 est
317 1373 404 1431 quum
423 1352 567 1423 dominis,
583 1365 644 1410 rum
660 1349 793 1422 famulis,
807 1371 867 1429 po·

180 1432 285 1490 ,simin
308 1431 390 1492 fundi
409 1431 543 1511 villaeque
564 1429 716 1510 conspellu
732 1474 742 1504 ‚
761 1431 814 1489 reli
835 1433 867 1492 io
923 1483 927 1494 .

173 1508 287 1570 Larum
307 1513 484 1591 repudianda
501 1508 550 1570 est.
577 1509 639 1569 Jam
656 1512 725 1569 titus
747 1450 867 1584 familie,

182 1608 352 1671 patrumque
366 1592 497 1663 servare,
509 1591 539 1649 id
553 1588 593 1650 est
605 1587 769 1728 gquoniam
790 1591 867 1650 anti-

182 1673 274 1749 quitas
298 1675 431 1750 proiiml
454 1670 565 1730 accedit
587 1691 603 1728 a
646 1667 749 1750 deos)
770 1690 786 1728 a
808 1669 863 1732 diis

182 1753 262 1830 quasi
289 1753 421 1811 traditam
450 1752 622 1832 religionem
653 1751 736 1810 tueri.
768 1746 865 1827 Quod

176 1848 278 1890 nutem
299 1851 334 1890 ex
357 1832 508 1893 hominum
530 1848 635 1910 genere
658 1828 863 1903 consecratos,

179 1912 256 1971 sicut
274 1910 431 1972 Herculem
453 1912 484 1969 &
504 1928 634 1982 ceteros,
661 1909 719 1968 coli
741 1909 788 1969 lex
813 1906 863 1987 ju-

173 1989 254 2064 bet,
272 1991 376 2050 indicat
391 1993 522 2052 omnium
540 1989 659 2069 quidem
677 1991 790 2049 animos
806 1991 863 2048 im·

179 2070 318 2132 mortales
343 2069 422 2146 esse,
444 2069 494 2131 sed
516 2068 636 2129 fortium
659 2068 862 2150 bonorumque

180 2151 307 2212 divinos.

224 2230 272 2293 28.
291 2231 372 2290 Bene
388 2231 461 2290 verb
477 2274 487 2303 ,
504 2227 585 2309 quod
609 2227 695 2288 Mens
713 2273 725 2299 ,
746 2226 862 2303 Pietas,

180 2309 301 2382 Virtus,
320 2308 421 2381 Fides,
434 2309 614 2368 consecratur
626 2329 726 2367 manu:
742 2329 862 2388 quarum

180 2391 311 2450 omnium
340 2386 443 2448 Romae
464 2388 596 2450 dedicata
635 2388 728 2448 ublice
753 2388 861 2467 templa

179 2468 243 2530 sunt
250 2488 262 2541 3
280 2487 312 2530 ut
332 2469 381 2528 illa
419 2471 449 2528 ui
466 2410 633 2550 habeanrf

177 2568 284 2610 ,omne-s
294 2548 365 2608 boni
376 2491 476 2630 siros
491 2547 567 2630 ipsos
581 2550 721 2608 inanimis
733 2546 786 2608 suis
802 2549 863 2608 col·

85 2673 87 2680 ·
179 2629 291 2690 locatos
310 2647 421 2708 putent.
440 2627 517 2688 Nam
526 2627 597 2688 illud
612 2625 745 2687 vitiosum
763 2627 861 2698 lithe-¹

176 2712 256 2784 nis,
279 2709 387 2788 quod,
417 2707 549 2789 Cylonio
577 2707 682 2768 scelere
711 2710 861 2786 expiato,
962 2735 963 2764 ;

180 2787 353 2873 Epimenide
371 2787 458 2854 Crete
468 2789 622 2882 suadente!
634 2787 768 2880 fecerunt
778 2785 863 2862 Com,

636 2467 743 2528 habent
765 2485 862 2530 autem
959 2515 960 2524 ,
