<?xml version="1.0" encoding="UTF-8"?>
<!DOCTYPE html PUBLIC "-//W3C//DTD XHTML 1.0 Transitional//EN"
    "http://www.w3.org/TR/xhtml1/DTD/xhtml1-transitional.dtd">
<html xmlns="http://www.w3.org/1999/xhtml" xml:lang="en" lang="en">
 <head>
  <title>
</title>
<meta http-equiv="Content-Type" content="text/html;charset=utf-8" />
  <meta name='ocr-system' content='tesseract 3.04.00' />
  <meta name='ocr-capabilities' content='ocr_page ocr_carea ocr_par ocr_line ocrx_word'/>
</head>
<body>
  <div class='ocr_page' id='page_1' title='image "./mtulliiciceroni11lallgoog/mtulliiciceroni11lallgoog_0158.png"; bbox 0 0 1954 3604; ppageno 0'>
   <div class='ocr_carea' id='block_1_1' title="bbox 185 207 705 302">
    <p class='ocr_par' dir='ltr' id='par_1_1' title="bbox 185 207 705 302">
     <span class='ocr_line' id='line_1_1' title="bbox 185 207 705 302; baseline -0.012 -22"><span class='ocrx_word' id='word_1_1' title='bbox 185 224 258 302; x_wconf 84' lang='lat'>152</span> <span class='ocrx_word' id='word_1_2' title='bbox 351 207 424 276; x_wconf 78' lang='lat' dir='ltr'>Dr</span> <span class='ocrx_word' id='word_1_3' title='bbox 452 221 705 294; x_wconf 72' lang='lat' dir='ltr'>omem,</span> 
     </span>
    </p>
   </div>
   <div class='ocr_carea' id='block_1_2' title="bbox 181 317 964 1682">
    <p class='ocr_par' dir='ltr' id='par_1_2' title="bbox 181 317 964 1524">
     <span class='ocr_line' id='line_1_2' title="bbox 181 317 868 403; baseline -0.001 -21"><span class='ocrx_word' id='word_1_4' title='bbox 181 339 218 382; x_wconf 85' lang='lat' dir='ltr'>ex</span> <span class='ocrx_word' id='word_1_5' title='bbox 246 321 343 382; x_wconf 84' lang='lat' dir='ltr'>animo</span> <span class='ocrx_word' id='word_1_6' title='bbox 372 319 486 383; x_wconf 86' lang='lat' dir='ltr'>excelso</span> <span class='ocrx_word' id='word_1_7' title='bbox 516 317 730 403; x_wconf 83' lang='lat' dir='ltr'>magnificoque</span> <span class='ocrx_word' id='word_1_8' title='bbox 754 322 868 402; x_wconf 77' lang='lat' dir='ltr'>quaeri-</span> 
     </span>
     <span class='ocr_line' id='line_1_3' title="bbox 181 400 866 482; baseline -0.003 -20"><span class='ocrx_word' id='word_1_9' title='bbox 181 421 266 476; x_wconf 86' lang='lat' dir='ltr'>mus,</span> <span class='ocrx_word' id='word_1_10' title='bbox 288 405 375 460; x_wconf 88' lang='lat' dir='ltr'>animi</span> <span class='ocrx_word' id='word_1_11' title='bbox 397 400 539 474; x_wconf 87' lang='lat' dir='ltr'>efficitur,</span> <span class='ocrx_word' id='word_1_12' title='bbox 558 422 618 461; x_wconf 88' lang='lat' dir='ltr'>non</span> <span class='ocrx_word' id='word_1_13' title='bbox 639 404 770 482; x_wconf 88' lang='lat' dir='ltr'>corporis</span> <span class='ocrx_word' id='word_1_14' title='bbox 791 403 866 463; x_wconf 81' lang='lat' dir='ltr'>viri-</span> 
     </span>
     <span class='ocr_line' id='line_1_4' title="bbox 182 480 869 562; baseline 0 -22"><span class='ocrx_word' id='word_1_15' title='bbox 182 481 247 540; x_wconf 88' lang='lat' dir='ltr'>bus.</span> <span class='ocrx_word' id='word_1_16' title='bbox 272 480 472 543; x_wconf 81' lang='lat' dir='ltr'>Exercendum</span> <span class='ocrx_word' id='word_1_17' title='bbox 492 495 588 542; x_wconf 85' lang='lat' dir='ltr'>tam&#39;en</span> <span class='ocrx_word' id='word_1_18' title='bbox 612 500 716 562; x_wconf 83' lang='lat' dir='ltr'>corpus</span> <span class='ocrx_word' id='word_1_19' title='bbox 736 525 746 555; x_wconf 96' lang='lat'>,</span> <span class='ocrx_word' id='word_1_20' title='bbox 770 480 803 540; x_wconf 88' lang='lat'>&amp;</span> <span class='ocrx_word' id='word_1_21' title='bbox 825 483 869 541; x_wconf 77' lang='lat' dir='ltr'>ita</span> 
     </span>
     <span class='ocr_line' id='line_1_5' title="bbox 183 559 871 633; baseline -0.003 -13"><span class='ocrx_word' id='word_1_22' title='bbox 183 559 366 622; x_wconf 81' lang='lat' dir='ltr'>afficiendum</span> <span class='ocrx_word' id='word_1_23' title='bbox 388 561 446 633; x_wconf 85' lang='lat' dir='ltr'>est,</span> <span class='ocrx_word' id='word_1_24' title='bbox 467 579 499 621; x_wconf 89' lang='lat' dir='ltr'>ut</span> <span class='ocrx_word' id='word_1_25' title='bbox 520 561 638 620; x_wconf 90' lang='lat' dir='ltr'>obedire</span> <span class='ocrx_word' id='word_1_26' title='bbox 661 562 784 622; x_wconf 88' lang='lat' dir='ltr'>consilio</span> <span class='ocrx_word' id='word_1_27' title='bbox 813 581 871 619; x_wconf 82' lang='lat' dir='ltr'>ra-</span> 
     </span>
     <span class='ocr_line' id='line_1_6' title="bbox 183 639 866 722; baseline -0.001 -21"><span class='ocrx_word' id='word_1_28' title='bbox 183 639 314 722; x_wconf 82' lang='lat' dir='ltr'>tionique</span> <span class='ocrx_word' id='word_1_29' title='bbox 334 642 425 721; x_wconf 80' lang='lat' dir='ltr'>possit</span> <span class='ocrx_word' id='word_1_30' title='bbox 445 643 475 700; x_wconf 88' lang='lat' dir='ltr'>in</span> <span class='ocrx_word' id='word_1_31' title='bbox 499 639 687 721; x_wconf 80' lang='lat' dir='ltr'>exsequendis</span> <span class='ocrx_word' id='word_1_32' title='bbox 711 642 866 722; x_wconf 86' lang='lat' dir='ltr'>negotiis,</span> 
     </span>
     <span class='ocr_line' id='line_1_7' title="bbox 184 719 867 782; baseline -0.006 -2"><span class='ocrx_word' id='word_1_33' title='bbox 184 720 218 780; x_wconf 69' lang='grc' dir='ltr'>ἃ</span> <span class='ocrx_word' id='word_1_34' title='bbox 237 725 267 781; x_wconf 90' lang='lat' dir='ltr'>in</span> <span class='ocrx_word' id='word_1_35' title='bbox 287 721 384 782; x_wconf 81' lang='lat' dir='ltr'>labore</span> <span class='ocrx_word' id='word_1_36' title='bbox 405 719 568 782; x_wconf 81' lang='lat' dir='ltr'>tolerando.</span> <span class='ocrx_word' id='word_1_37' title='bbox 587 719 748 782; x_wconf 86' lang='lat' dir='ltr'>Honestum</span> <span class='ocrx_word' id='word_1_38' title='bbox 766 737 867 780; x_wconf 87' lang='lat' dir='ltr'>autem</span> 
     </span>
     <span class='ocr_line' id='line_1_8' title="bbox 184 799 873 882; baseline -0.001 -23"><span class='ocrx_word' id='word_1_39' title='bbox 184 799 237 874; x_wconf 87' lang='lat' dir='ltr'>id,</span> <span class='ocrx_word' id='word_1_40' title='bbox 256 801 335 882; x_wconf 89' lang='lat' dir='ltr'>quod</span> <span class='ocrx_word' id='word_1_41' title='bbox 351 804 545 882; x_wconf 84' lang='lat' dir='ltr'>exquirimus,</span> <span class='ocrx_word' id='word_1_42' title='bbox 564 818 657 861; x_wconf 90' lang='lat' dir='ltr'>totum</span> <span class='ocrx_word' id='word_1_43' title='bbox 676 799 717 860; x_wconf 90' lang='lat' dir='ltr'>est</span> <span class='ocrx_word' id='word_1_44' title='bbox 734 803 873 880; x_wconf 79' lang='lat' dir='ltr'>positum</span> 
     </span>
     <span class='ocr_line' id='line_1_9' title="bbox 184 881 870 963; baseline -0.003 -24"><span class='ocrx_word' id='word_1_45' title='bbox 184 881 215 939; x_wconf 87' lang='lat' dir='ltr'>in</span> <span class='ocrx_word' id='word_1_46' title='bbox 234 884 321 942; x_wconf 88' lang='lat' dir='ltr'>animi</span> <span class='ocrx_word' id='word_1_47' title='bbox 336 902 402 942; x_wconf 85' lang='lat' dir='ltr'>cura</span> <span class='ocrx_word' id='word_1_48' title='bbox 417 881 447 942; x_wconf 91' lang='lat'>&amp;</span> <span class='ocrx_word' id='word_1_49' title='bbox 465 883 661 963; x_wconf 76' lang='lat' dir='ltr'>cogitatione3</span> <span class='ocrx_word' id='word_1_50' title='bbox 679 883 709 940; x_wconf 86' lang='lat' dir='ltr'>in</span> <span class='ocrx_word' id='word_1_51' title='bbox 728 901 789 961; x_wconf 88' lang='lat' dir='ltr'>quo</span> <span class='ocrx_word' id='word_1_52' title='bbox 805 901 870 938; x_wconf 87' lang='lat' dir='ltr'>non</span> 
     </span>
     <span class='ocr_line' id='line_1_10' title="bbox 187 957 870 1042; baseline -0.004 -21"><span class='ocrx_word' id='word_1_53' title='bbox 187 961 331 1021; x_wconf 83' lang='lat' dir='ltr'>minorem</span> <span class='ocrx_word' id='word_1_54' title='bbox 357 962 509 1042; x_wconf 77' lang='lat' dir='ltr'>utilitatem</span> <span class='ocrx_word' id='word_1_55' title='bbox 532 957 676 1034; x_wconf 84' lang='lat' dir='ltr'>afferunt,</span> <span class='ocrx_word' id='word_1_56' title='bbox 702 964 752 1040; x_wconf 92' lang='lat' dir='ltr'>qui</span> <span class='ocrx_word' id='word_1_57' title='bbox 775 961 870 1041; x_wconf 85' lang='lat' dir='ltr'>togati</span> 
     </span>
     <span class='ocr_line' id='line_1_11' title="bbox 186 1037 871 1122; baseline -0.001 -23"><span class='ocrx_word' id='word_1_58' title='bbox 186 1037 352 1120; x_wconf 78' lang='lat' dir='ltr'>reipublicae</span> <span class='ocrx_word' id='word_1_59' title='bbox 370 1040 494 1122; x_wconf 78' lang='lat' dir='ltr'>praesunt</span> <span class='ocrx_word' id='word_1_60' title='bbox 505 1086 515 1114; x_wconf 88' lang='lat'><strong>‚</strong></span> <span class='ocrx_word' id='word_1_61' title='bbox 526 1040 613 1122; x_wconf 70' lang='lat' dir='ltr'>qudm</span> <span class='ocrx_word' id='word_1_62' title='bbox 629 1043 677 1120; x_wconf 89' lang='lat' dir='ltr'>qui</span> <span class='ocrx_word' id='word_1_63' title='bbox 687 1039 798 1100; x_wconf 88' lang='lat' dir='ltr'>bellum</span> <span class='ocrx_word' id='word_1_64' title='bbox 815 1060 871 1120; x_wconf 82' lang='lat' dir='ltr'>ge-</span> 
     </span>
     <span class='ocr_line' id='line_1_12' title="bbox 186 1117 871 1201; baseline -0.001 -22"><span class='ocrx_word' id='word_1_65' title='bbox 186 1137 261 1180; x_wconf 85' lang='lat' dir='ltr'>runt.</span> <span class='ocrx_word' id='word_1_66' title='bbox 283 1119 383 1201; x_wconf 87' lang='lat' dir='ltr'>Itaque</span> <span class='ocrx_word' id='word_1_67' title='bbox 399 1140 500 1181; x_wconf 88' lang='lat' dir='ltr'>eorum</span> <span class='ocrx_word' id='word_1_68' title='bbox 519 1119 640 1180; x_wconf 86' lang='lat' dir='ltr'>consilio</span> <span class='ocrx_word' id='word_1_69' title='bbox 650 1117 725 1198; x_wconf 84' lang='lat' dir='ltr'>saepe</span> <span class='ocrx_word' id='word_1_70' title='bbox 745 1137 794 1180; x_wconf 90' lang='lat' dir='ltr'>aut</span> <span class='ocrx_word' id='word_1_71' title='bbox 806 1138 871 1182; x_wconf 86' lang='lat' dir='ltr'>uon</span> 
     </span>
     <span class='ocr_line' id='line_1_13' title="bbox 187 1198 870 1279; baseline -0.001 -20"><span class='ocrx_word' id='word_1_72' title='bbox 187 1198 341 1279; x_wconf 84' lang='lat' dir='ltr'>suscepta,</span> <span class='ocrx_word' id='word_1_73' title='bbox 361 1218 409 1261; x_wconf 89' lang='lat' dir='ltr'>aut</span> <span class='ocrx_word' id='word_1_74' title='bbox 421 1199 563 1260; x_wconf 58' lang='lat' dir='ltr'>&#39;confessa</span> <span class='ocrx_word' id='word_1_75' title='bbox 582 1199 659 1260; x_wconf 87' lang='lat' dir='ltr'>bella</span> <span class='ocrx_word' id='word_1_76' title='bbox 676 1199 739 1258; x_wconf 87' lang='lat' dir='ltr'>sunt</span> <span class='ocrx_word' id='word_1_77' title='bbox 756 1245 765 1272; x_wconf 94' lang='lat'>,</span> <span class='ocrx_word' id='word_1_78' title='bbox 787 1221 870 1258; x_wconf 87' lang='lat' dir='ltr'>non-</span> 
     </span>
     <span class='ocr_line' id='line_1_14' title="bbox 187 1277 872 1361; baseline 0 -23"><span class='ocrx_word' id='word_1_79' title='bbox 187 1300 344 1361; x_wconf 82' lang='lat' dir='ltr'>numquam</span> <span class='ocrx_word' id='word_1_80' title='bbox 360 1284 447 1341; x_wconf 88' lang='lat' dir='ltr'>etiam</span> <span class='ocrx_word' id='word_1_81' title='bbox 462 1281 556 1354; x_wconf 81' lang='lat' dir='ltr'>illata3</span> <span class='ocrx_word' id='word_1_82' title='bbox 567 1297 600 1341; x_wconf 90' lang='lat' dir='ltr'>ut</span> <span class='ocrx_word' id='word_1_83' title='bbox 613 1279 659 1340; x_wconf 77' lang='grc' dir='ltr'>Μ.</span> <span class='ocrx_word' id='word_1_84' title='bbox 669 1277 792 1340; x_wconf 83' lang='lat' dir='ltr'>Catonis</span> <span class='ocrx_word' id='word_1_85' title='bbox 804 1279 872 1339; x_wconf 87' lang='lat' dir='ltr'>bel-</span> 
     </span>
     <span class='ocr_line' id='line_1_15' title="bbox 187 1358 964 1443; baseline 0.003 -25"><span class='ocrx_word' id='word_1_86' title='bbox 187 1358 248 1419; x_wconf 90' lang='lat' dir='ltr'>lum</span> <span class='ocrx_word' id='word_1_87' title='bbox 267 1363 382 1420; x_wconf 87' lang='lat' dir='ltr'>tertium</span> <span class='ocrx_word' id='word_1_88' title='bbox 398 1361 558 1437; x_wconf 79' lang='lat' dir='ltr'>Punicum,</span> <span class='ocrx_word' id='word_1_89' title='bbox 573 1364 604 1420; x_wconf 89' lang='lat' dir='ltr'>in</span> <span class='ocrx_word' id='word_1_90' title='bbox 616 1381 675 1443; x_wconf 93' lang='lat' dir='ltr'>quo</span> <span class='ocrx_word' id='word_1_91' title='bbox 691 1362 778 1420; x_wconf 87' lang='lat' dir='ltr'>etiam</span> <span class='ocrx_word' id='word_1_92' title='bbox 790 1380 873 1421; x_wconf 82' lang='lat' dir='ltr'>mor·</span> <span class='ocrx_word' id='word_1_93' title='bbox 962 1361 964 1368; x_wconf 87' lang='grc'><strong>’</strong></span> 
     </span>
     <span class='ocr_line' id='line_1_16' title="bbox 187 1439 964 1504; baseline 0.006 -6"><span class='ocrx_word' id='word_1_94' title='bbox 187 1439 503 1502; x_wconf 74' lang='lat' dir='ltr'>suivaluitauttoriras.</span> <span class='ocrx_word' id='word_1_95' title='bbox 961 1442 964 1504; x_wconf 83' lang='lat'>&#39;.</span> 
     </span>
    </p>

    <p class='ocr_par' dir='ltr' id='par_1_3' title="bbox 188 1517 963 1682">
     <span class='ocr_line' id='line_1_17' title="bbox 230 1517 963 1658; baseline 0 -80"><span class='ocrx_word' id='word_1_96' title='bbox 230 1517 279 1580; x_wconf 85' lang='lat'>80.</span> <span class='ocrx_word' id='word_1_97' title='bbox 298 1519 400 1599; x_wconf 83' lang='lat' dir='ltr'>Quare</span> <span class='ocrx_word' id='word_1_98' title='bbox 416 1519 579 1602; x_wconf 85' lang='lat' dir='ltr'>expetenda</span> <span class='ocrx_word' id='word_1_99' title='bbox 594 1519 712 1658; x_wconf 72' lang='lat' dir='ltr'>quidem</span> <span class='ocrx_word' id='word_1_100' title='bbox 724 1521 817 1601; x_wconf 81' lang='lat' dir='ltr'>magis</span> <span class='ocrx_word' id='word_1_101' title='bbox 832 1517 874 1579; x_wconf 87' lang='lat' dir='ltr'>est</span> <span class='ocrx_word' id='word_1_102' title='bbox 962 1579 963 1596; x_wconf 49' lang='lat'>,</span> 
     </span>
     <span class='ocr_line' id='line_1_18' title="bbox 188 1596 578 1682; baseline 0.01 -26"><span class='ocrx_word' id='word_1_103' title='bbox 188 1596 363 1660; x_wconf 82' lang='lat' dir='ltr'>decernendi</span> <span class='ocrx_word' id='word_1_104' title='bbox 381 1603 473 1673; x_wconf 82' lang='lat' dir='ltr'>ratio,</span> <span class='ocrx_word' id='word_1_105' title='bbox 493 1600 578 1682; x_wconf 69' lang='lat' dir='ltr'>qudm</span> 
     </span>
    </p>
   </div>
   <div class='ocr_carea' id='block_1_3' title="bbox 620 1599 874 1661">
    <p class='ocr_par' dir='ltr' id='par_1_4' title="bbox 620 1599 964 1664">
     <span class='ocr_line' id='line_1_19' title="bbox 620 1599 874 1661; baseline 0.015 -2"><span class='ocrx_word' id='word_1_106' title='bbox 620 1600 766 1660; x_wconf 76' lang='lat' dir='ltr'>euertandi</span> <span class='ocrx_word' id='word_1_107' title='bbox 782 1599 874 1661; x_wconf 83' lang='lat' dir='ltr'>forti·</span> 
     </span>
    </p>
   </div>
   <div class='ocr_carea' id='block_1_4' title="bbox 187 1678 881 1753">
    <p class='ocr_par' dir='ltr' id='par_1_5' title="bbox 187 1675 964 1753">
     <span class='ocr_line' id='line_1_20' title="bbox 187 1678 881 1753; baseline -0.023 -15"><span class='ocrx_word' id='word_1_108' title='bbox 187 1678 280 1739; x_wconf 83' lang='lat' dir='ltr'>tudo:</span> <span class='ocrx_word' id='word_1_109' title='bbox 302 1680 351 1741; x_wconf 88' lang='lat' dir='ltr'>sed</span> <span class='ocrx_word' id='word_1_110' title='bbox 368 1681 548 1753; x_wconf 84' lang='lat' dir='ltr'>cavendum,</span> <span class='ocrx_word' id='word_1_111' title='bbox 565 1699 603 1740; x_wconf 87' lang='lat' dir='ltr'>ne</span> <span class='ocrx_word' id='word_1_112' title='bbox 619 1680 650 1738; x_wconf 90' lang='lat' dir='ltr'>id</span> <span class='ocrx_word' id='word_1_113' title='bbox 659 1679 790 1746; x_wconf 74' lang='lat' dir='ltr'>bellandi</span> <span class='ocrx_word' id='word_1_114' title='bbox 809 1701 881 1740; x_wconf 72' lang='lat' dir='ltr'>ma.</span> 
     </span>
    </p>
   </div>
   <div class='ocr_carea' id='block_1_5' title="bbox 148 1757 964 1896">
    <p class='ocr_par' dir='ltr' id='par_1_6' title="bbox 148 1757 964 1896">
     <span class='ocr_line' id='line_1_21' title="bbox 148 1757 964 1896; baseline 0.005 -81"><span class='ocrx_word' id='word_1_115' title='bbox 148 1811 151 1815; x_wconf 92' lang='grc'><em>,</em></span> <span class='ocrx_word' id='word_1_116' title='bbox 188 1777 232 1896; x_wconf 54' lang='lat' dir='ltr'>qis</span> <span class='ocrx_word' id='word_1_117' title='bbox 249 1757 335 1842; x_wconf 64' lang='lat' dir='ltr'>fugi,</span> <span class='ocrx_word' id='word_1_118' title='bbox 353 1759 441 1842; x_wconf 73' lang='lat' dir='ltr'>qudrm</span> <span class='ocrx_word' id='word_1_119' title='bbox 456 1761 707 1821; x_wconf 80' lang='lat' dir='ltr'>utilitatis-ratione</span> <span class='ocrx_word' id='word_1_120' title='bbox 723 1759 873 1820; x_wconf 84' lang='lat' dir='ltr'>faciamus.</span> <span class='ocrx_word' id='word_1_121' title='bbox 963 1824 964 1828; x_wconf 44' lang='lat'>,</span> 
     </span>
    </p>
   </div>
   <div class='ocr_carea' id='block_1_6' title="bbox 216 1837 964 1919">
    <p class='ocr_par' dir='ltr' id='par_1_7' title="bbox 216 1837 964 1919">
     <span class='ocr_line' id='line_1_22' title="bbox 216 1837 964 1919; baseline 0 -20"><span class='ocrx_word' id='word_1_122' title='bbox 216 1837 303 1900; x_wconf 84' lang='lat' dir='ltr'>ellum</span> <span class='ocrx_word' id='word_1_123' title='bbox 333 1859 430 1900; x_wconf 83' lang='lat' dir='ltr'>autem</span> <span class='ocrx_word' id='word_1_124' title='bbox 455 1843 499 1916; x_wconf 86' lang='lat' dir='ltr'>ita¹</span> <span class='ocrx_word' id='word_1_125' title='bbox 520 1839 714 1919; x_wconf 86' lang='lat' dir='ltr'>suscipiatur,</span> <span class='ocrx_word' id='word_1_126' title='bbox 744 1858 776 1900; x_wconf 93' lang='lat' dir='ltr'>ut</span> <span class='ocrx_word' id='word_1_127' title='bbox 801 1839 877 1899; x_wconf 74' lang='lat' dir='ltr'>nihii</span> <span class='ocrx_word' id='word_1_128' title='bbox 963 1851 964 1882; x_wconf 71' lang='lat'>³</span> 
     </span>
    </p>
   </div>
   <div class='ocr_carea' id='block_1_7' title="bbox 190 1917 877 2058">
    <p class='ocr_par' dir='ltr' id='par_1_8' title="bbox 190 1917 877 2058">
     <span class='ocr_line' id='line_1_23' title="bbox 190 1917 877 2058; baseline 0.003 -80"><span class='ocrx_word' id='word_1_129' title='bbox 190 1919 292 1994; x_wconf 76' lang='lat' dir='ltr'>aliud,</span> <span class='ocrx_word' id='word_1_130' title='bbox 314 1923 369 1980; x_wconf 84' lang='lat' dir='ltr'>nisi</span> <span class='ocrx_word' id='word_1_131' title='bbox 389 1941 447 2058; x_wconf 61' lang='lat' dir='ltr'>Rau</span> <span class='ocrx_word' id='word_1_132' title='bbox 470 1922 587 2000; x_wconf 82' lang='lat' dir='ltr'>quaesita</span> <span class='ocrx_word' id='word_1_133' title='bbox 610 1919 752 1980; x_wconf 87' lang='lat' dir='ltr'>videatur.</span> <span class='ocrx_word' id='word_1_134' title='bbox 776 1917 877 1980; x_wconf 85' lang='lat' dir='ltr'>Fortis</span> 
     </span>
    </p>
   </div>
   <div class='ocr_carea' id='block_1_8' title="bbox 188 1991 964 2804">
    <p class='ocr_par' dir='ltr' id='par_1_9' title="bbox 188 1991 964 2804">
     <span class='ocr_line' id='line_1_24' title="bbox 188 1991 964 2080; baseline -0.003 -21"><span class='ocrx_word' id='word_1_135' title='bbox 188 1993 263 2061; x_wconf 59' lang='lat' dir='ltr'>sero</span> <span class='ocrx_word' id='word_1_136' title='bbox 284 1999 316 2060; x_wconf 86' lang='lat'>&amp;</span> <span class='ocrx_word' id='word_1_137' title='bbox 331 2021 386 2060; x_wconf 90' lang='lat' dir='ltr'>con</span> <span class='ocrx_word' id='word_1_138' title='bbox 411 2001 483 2060; x_wconf 76' lang='lat' dir='ltr'>anus</span> <span class='ocrx_word' id='word_1_139' title='bbox 503 1998 561 2073; x_wconf 92' lang='lat' dir='ltr'>est,</span> <span class='ocrx_word' id='word_1_140' title='bbox 581 2021 641 2058; x_wconf 88' lang='lat' dir='ltr'>non</span> <span class='ocrx_word' id='word_1_141' title='bbox 661 2000 822 2080; x_wconf 84' lang='lat' dir='ltr'>perturbati</span> <span class='ocrx_word' id='word_1_142' title='bbox 841 2001 874 2058; x_wconf 87' lang='lat' dir='ltr'>in</span> <span class='ocrx_word' id='word_1_143' title='bbox 962 1991 964 2020; x_wconf 73' lang='lat'>³</span> 
     </span>
     <span class='ocr_line' id='line_1_25' title="bbox 189 2078 876 2160; baseline -0.003 -22"><span class='ocrx_word' id='word_1_144' title='bbox 189 2079 275 2141; x_wconf 83' lang='lat' dir='ltr'>rebus</span> <span class='ocrx_word' id='word_1_145' title='bbox 294 2078 418 2160; x_wconf 88' lang='lat' dir='ltr'>asperis,</span> <span class='ocrx_word' id='word_1_146' title='bbox 434 2099 490 2140; x_wconf 89' lang='lat' dir='ltr'>nec</span> <span class='ocrx_word' id='word_1_147' title='bbox 508 2079 727 2140; x_wconf 82' lang='lat' dir='ltr'>tumultuantem</span> <span class='ocrx_word' id='word_1_148' title='bbox 747 2079 783 2139; x_wconf 86' lang='lat' dir='ltr'>de</span> <span class='ocrx_word' id='word_1_149' title='bbox 802 2099 876 2160; x_wconf 81' lang='lat' dir='ltr'>gra-</span> 
     </span>
     <span class='ocr_line' id='line_1_26' title="bbox 192 2157 877 2239; baseline 0 -21"><span class='ocrx_word' id='word_1_150' title='bbox 192 2158 231 2218; x_wconf 86' lang='lat' dir='ltr'>du</span> <span class='ocrx_word' id='word_1_151' title='bbox 252 2157 357 2237; x_wconf 83' lang='lat' dir='ltr'>dejici,</span> <span class='ocrx_word' id='word_1_152' title='bbox 376 2177 408 2220; x_wconf 87' lang='lat' dir='ltr'>ut</span> <span class='ocrx_word' id='word_1_153' title='bbox 425 2161 547 2233; x_wconf 80' lang='lat' dir='ltr'>dicitur3</span> <span class='ocrx_word' id='word_1_154' title='bbox 570 2159 618 2220; x_wconf 92' lang='lat' dir='ltr'>sed</span> <span class='ocrx_word' id='word_1_155' title='bbox 638 2158 782 2239; x_wconf 80' lang='lat' dir='ltr'>praesentis</span> <span class='ocrx_word' id='word_1_156' title='bbox 804 2160 877 2218; x_wconf 87' lang='lat' dir='ltr'>ani-</span> 
     </span>
     <span class='ocr_line' id='line_1_27' title="bbox 190 2237 856 2314; baseline 0.002 -16"><span class='ocrx_word' id='word_1_157' title='bbox 190 2241 232 2299; x_wconf 80' lang='lat' dir='ltr'>mi</span> <span class='ocrx_word' id='word_1_158' title='bbox 249 2242 290 2298; x_wconf 92' lang='lat' dir='ltr'>uti</span> <span class='ocrx_word' id='word_1_159' title='bbox 306 2241 448 2314; x_wconf 87' lang='lat' dir='ltr'>consilio,</span> <span class='ocrx_word' id='word_1_160' title='bbox 464 2261 519 2300; x_wconf 87' lang='lat' dir='ltr'>nec</span> <span class='ocrx_word' id='word_1_161' title='bbox 536 2241 676 2299; x_wconf 86' lang='lat' dir='ltr'>aratione</span> <span class='ocrx_word' id='word_1_162' title='bbox 696 2237 856 2299; x_wconf 86' lang='lat' dir='ltr'>discedere.</span> 
     </span>
     <span class='ocr_line' id='line_1_28' title="bbox 233 2315 876 2402; baseline 0.002 -24"><span class='ocrx_word' id='word_1_163' title='bbox 233 2316 281 2378; x_wconf 83' lang='lat'>81.</span> <span class='ocrx_word' id='word_1_164' title='bbox 299 2315 488 2402; x_wconf 83' lang='lat' dir='ltr'>Quamquam</span> <span class='ocrx_word' id='word_1_165' title='bbox 504 2319 559 2378; x_wconf 92' lang='lat' dir='ltr'>hoc</span> <span class='ocrx_word' id='word_1_166' title='bbox 570 2320 678 2392; x_wconf 86' lang='lat' dir='ltr'>animi,</span> <span class='ocrx_word' id='word_1_167' title='bbox 694 2317 764 2377; x_wconf 90' lang='lat' dir='ltr'>illud</span> <span class='ocrx_word' id='word_1_168' title='bbox 784 2321 876 2379; x_wconf 88' lang='lat' dir='ltr'>etiam</span> 
     </span>
     <span class='ocr_line' id='line_1_29' title="bbox 189 2397 876 2480; baseline 0.001 -23"><span class='ocrx_word' id='word_1_169' title='bbox 189 2400 299 2478; x_wconf 83' lang='lat' dir='ltr'>ingenii</span> <span class='ocrx_word' id='word_1_170' title='bbox 316 2401 413 2480; x_wconf 83' lang='lat' dir='ltr'>magni</span> <span class='ocrx_word' id='word_1_171' title='bbox 429 2397 470 2459; x_wconf 88' lang='lat' dir='ltr'>est</span> <span class='ocrx_word' id='word_1_172' title='bbox 486 2443 496 2470; x_wconf 92' lang='lat'>,</span> <span class='ocrx_word' id='word_1_173' title='bbox 515 2401 672 2479; x_wconf 85' lang='lat' dir='ltr'>praecipere</span> <span class='ocrx_word' id='word_1_174' title='bbox 695 2401 876 2479; x_wconf 84' lang='lat' dir='ltr'>cogitatione</span> 
     </span>
     <span class='ocr_line' id='line_1_30' title="bbox 191 2475 875 2573; baseline 0.003 -37"><span class='ocrx_word' id='word_1_175' title='bbox 191 2475 305 2551; x_wconf 87' lang='lat' dir='ltr'>sutura,</span> <span class='ocrx_word' id='word_1_176' title='bbox 324 2478 355 2538; x_wconf 91' lang='lat'>&amp;</span> <span class='ocrx_word' id='word_1_177' title='bbox 364 2479 510 2573; x_wconf 76' lang='lat' dir='ltr'>aliquanti&gt;</span> <span class='ocrx_word' id='word_1_178' title='bbox 522 2480 587 2539; x_wconf 77' lang='lat' dir='ltr'>ante</span> <span class='ocrx_word' id='word_1_179' title='bbox 599 2477 788 2551; x_wconf 85' lang='lat' dir='ltr'>constituere,</span> <span class='ocrx_word' id='word_1_180' title='bbox 802 2478 875 2559; x_wconf 85' lang='lat' dir='ltr'>quid</span> 
     </span>
     <span class='ocr_line' id='line_1_31' title="bbox 193 2556 874 2640; baseline 0.001 -24"><span class='ocrx_word' id='word_1_181' title='bbox 193 2556 321 2617; x_wconf 82' lang='lat' dir='ltr'>accidere</span> <span class='ocrx_word' id='word_1_182' title='bbox 341 2577 432 2636; x_wconf 86' lang='lat' dir='ltr'>possit</span> <span class='ocrx_word' id='word_1_183' title='bbox 450 2561 479 2619; x_wconf 88' lang='lat' dir='ltr'>in</span> <span class='ocrx_word' id='word_1_184' title='bbox 497 2576 648 2640; x_wconf 89' lang='lat' dir='ltr'>utramque</span> <span class='ocrx_word' id='word_1_185' title='bbox 669 2574 781 2636; x_wconf 89' lang='lat' dir='ltr'>partem</span> <span class='ocrx_word' id='word_1_186' title='bbox 791 2577 801 2630; x_wconf 81' lang='lat'><em>3</em></span> <span class='ocrx_word' id='word_1_187' title='bbox 823 2559 874 2633; x_wconf 70' lang='grc' dir='ltr'>ἃ,</span> 
     </span>
     <span class='ocr_line' id='line_1_32' title="bbox 194 2635 881 2720; baseline 0.007 -26"><span class='ocrx_word' id='word_1_188' title='bbox 194 2635 264 2716; x_wconf 89' lang='lat' dir='ltr'>quid</span> <span class='ocrx_word' id='word_1_189' title='bbox 284 2637 427 2718; x_wconf 86' lang='lat' dir='ltr'>agendum</span> <span class='ocrx_word' id='word_1_190' title='bbox 449 2642 503 2712; x_wconf 88' lang='lat' dir='ltr'>sit,</span> <span class='ocrx_word' id='word_1_191' title='bbox 525 2659 613 2720; x_wconf 89' lang='lat' dir='ltr'>quum</span> <span class='ocrx_word' id='word_1_192' title='bbox 631 2638 699 2720; x_wconf 91' lang='lat' dir='ltr'>quid</span> <span class='ocrx_word' id='word_1_193' title='bbox 723 2641 881 2712; x_wconf 57' lang='lat' dir='ltr'>evenerit?</span> 
     </span>
     <span class='ocr_line' id='line_1_33' title="bbox 194 2718 878 2804; baseline 0.01 -29"><span class='ocrx_word' id='word_1_194' title='bbox 194 2735 249 2776; x_wconf 77' lang='lat' dir='ltr'>nec</span> <span class='ocrx_word' id='word_1_195' title='bbox 266 2720 473 2794; x_wconf 87' lang='lat' dir='ltr'>committere,</span> <span class='ocrx_word' id='word_1_196' title='bbox 491 2735 524 2780; x_wconf 82' lang='lat' dir='ltr'>ut</span> <span class='ocrx_word' id='word_1_197' title='bbox 541 2718 694 2804; x_wconf 81' lang='lat' dir='ltr'>aliquando</span> <span class='ocrx_word' id='word_1_198' title='bbox 717 2718 878 2782; x_wconf 87' lang='lat' dir='ltr'>dicendum</span> 
     </span>
    </p>
   </div>
   <div class='ocr_carea' id='block_1_9' title="bbox 0 0 999 3604">
    <p class='ocr_par' dir='ltr' id='par_1_10' title="bbox 0 0 999 3604">
     <span class='ocr_line' id='line_1_34' title="bbox 0 0 999 3604; baseline 0 0"><span class='ocrx_word' id='word_1_199' title='bbox 0 0 999 3604; x_wconf 95' lang='lat' dir='ltr'> </span> 
     </span>
    </p>
   </div>
  </div>
 </body>
</html>
