1958 3598
27 1797 32 1846 l

239 212 584 298 vFannium.
680 235 759 312 475

64 373 69 382 -
112 325 146 392 S.
161 325 250 389 Avo.
270 327 318 388 lib.
337 345 383 391 tx.
402 352 465 410 cap.
487 347 517 411 9.
536 327 642 472 civis}
661 331 760 394 Num-

68 431 167 494 quam
194 409 373 484 comoediae,
400 411 453 470 nisi
483 411 620 474 consuetu
642 435 661 474 o
690 416 761 476 vitae

68 504 253 574 pateretur,
285 490 410 570 probare
433 491 481 552 sua
513 493 630 556 theatris
653 494 762 578 flagitia

72 569 245 656 potuissent.
754 609 758 616 ·

115 649 149 714 S.
167 651 251 711 Auo.
267 647 400 731 ibidem]
423 647 526 729 Quem
543 651 593 713 illa
612 673 673 714 non
692 655 762 734 attif

74 731 120 816 git
142 776 152 805 ,
173 731 223 794 vel
245 731 342 812 potilts
366 750 455 812 quem
474 753 535 793 non
556 733 695 794 vexavit?
715 737 762 796 cul

75 809 233 896 pepercit?
254 807 339 872 Esto:
359 812 512 892 populares
531 812 685 886 homines,
704 817 761 874 im·

75 894 190 976 probos
205 893 235 951 in
250 892 477 972 rempublicam,
488 891 660 969 seditiosos,
673 891 764 955 Cleo·

75 994 169 1052 nem,
191 971 431 1054 Cleopltontcm‚
504 974 655 1056 perbolu'tn
672 972 764 1038 laesitt

76 1056 242 1138 patiamur:
262 1051 317 1114 etsi
334 995 502 1132 hujusmodi
514 1056 594 1114 cives
614 1077 630 1114 a
645 1050 765 1116 censore

77 1135 186 1198 meliits
201 1131 262 1208 esl,
278 1133 365 1213 quim
381 1157 397 1192 a
413 1139 502 1215 poita
516 1136 618 1196 notati.
636 1132 694 1196 Sed
705 1133 765 1208 Pef

78 1217 206 1288 tidem,
230 1233 319 1294 quum
346 1210 404 1292 jam
427 1214 485 1276 suae
510 1217 619 1277 civitati
638 1211 765 1276 maximi

79 1295 251 1360 ausioritate
271 1295 411 1376 plurimos
431 1317 521 1356 annos
545 1297 675 1357 domi&
695 1296 766 1370 belli

80 1373 258 1459 praefuisset,
277 1377 381 1435 violati
399 1376 556 1452 versibus,
588 1377 620 1437 &
642 1398 694 1438 eos
716 1378 764 1460 agi

81 1460 113 1536 in
129 1456 235 1528 scena,
252 1477 314 1516 non
330 1455 394 1535 plus
410 1456 526 1528 decuit,
543 1455 629 1536 quim
643 1461 666 1517 si
684 1455 769 1517 Plan·

82 1554 130 1598 tus
152 1531 249 1598 noller
268 1533 427 1609 vo‘lt'tillet3
448 1551 495 1593 aut
521 1533 661 1609 Nemus,
685 1534 716 1595 P.
737 1537 769 1596 δι

82 1617 145 1680 Cn.
168 1617 329 1696 Scipioni,
358 1632 408 1679 aut
431 1611 566 1678 Caecilius
589 1614 635 1692 M.
661 1612 770 1678 Catoni

83 1699 275 1762 maledicere.
386 1768 389 1774 ¹
735 1761 738 1770 ,

115 1779 158 1841 ·S.
171 1777 231 1838 Αυ
241 1796 273 1839 ο.
286 1774 337 1858 6.]
355 1772 467 1838 Nosttae
481 1773 582 1856 contri
593 1793 651 1846 ΧΠ.
664 1773 770 1838 tabulae

80 1874 179 1944 quum
196 1874 356 1938 perpaucas
373 1875 419 1916 res
439 1857 532 1936 capite
555 1852 703 1915 sanxissent
714 1858 772 1928 ,in

87 1941 132 2002 his
153 1940 229 2010 hanc
249 1957 365 2017 quoque
382 1934 563 1996 sanciendam
578 1949 773 2016 putaverunt,
881 1995 883 2000 ,

86 2024 123 2084 Si
136 2021 199 2100 quis
214 2014 391 2094 adilaviffet,
405 2018 463 2076 sive
478 2035 584 2076 carmen
597 2014 773 2093 condidt'ffie,

107 2103 166 2162 uod
194 2095 337 2176 infhmiam
367 2095 471 2178 afferret
491 2096 664 2178 flagitiumve
685 2098 777 2158 alteri.

88 2125 241 2244 lraeclate.
259 2177 377 2239 iudiciis
395 2179 492 2248 enim,
509 2197 542 2236 ac
563 2173 776 2258 magistratuum

92 2258 348 2341 disceptationibus
364 2256 503 2338 legitimis
520 2259 706 2338 ,propositam
726 2257 776 2317 vi·

91 2359 173 2414 tem,
185 2359 246 2400 non
262 2341 412 2420 po'e'tatum
422 2339 544 2420 ingeniis
557 2337 663 2399 habere
684 2335 776 2410 debe·

93 2443 159 2484 mus
168 2442 179 2498 ;
199 2439 255 2480 nec
273 2418 413 2500 probrum
430 2419 546 2492 audire,
566 2421 621 2480 nisi
640 2416 676 2479 el
693 2418 779 2498 lege,

95 2520 128 2565 ut
138 2500 312 2582 respondere
328 2498 433 2575 liceat,
450 2497 599 2579 &judicio
611 2497 781 2562 defendere.

137 2583 168 2646 S.
185 2582 271 2644 Auo.
288 2583 388 2644 lietu.
403 2603 465 2663 cap.
488 2579 651 2662 incinit]
667 2577 778 2640 AEschi·

95 2683 150 2738 nes
178 2662 364 2725 Atheniensis
386 2706 397 2737 ‚
416 2663 470 2734 ‚vir
497 2661 778 2746 eloquentissimus,

97 2765 189 2831 quum
215 2743 382 2812 adolescens
407 2743 560 2826 tragoedias
578 2737 780 2814 aslitavillet,
