1956 3614
210 237 239 314 4
352 205 753 308 Datamisa}
830 253 831 256 κ

210 333 349 472 lankim
364 323 496 429 sednon¹
507 337 573 434 antev
581 382 591 410 ‚
605 324 697 436 <suani
706 335 779 396 mihi
792 319 891 428 tuipj'

262 413 440 494 respondens
451 461 461 489 ‚
473 414 590 490 Attice,
604 435 738 490 certene,
751 437 811 474 non
824 417 886 476 lon-

211 495 247 575 ge
274 515 290 552 a
312 497 366 554 tuis
393 495 499 556 aedibus
522 497 722 570 inambulans,
768 494 811 554 ost
835 517 887 556 ex-

209 571 314 633 cessum
333 573 413 634 suum
439 575 581 636 Romulus
604 575 724 636 Proculo
744 517 820 636 lulio
841 577 894 636 ‹ii-²

207 657 301 726 uerit,
321 653 349 714 se
365 655 452 716 deum
463 653 539 730 elle,
559 655 760 734 &Quirinum
774 659 871 716 vocari
879 685 891 732 ,·

206 734 407 816 templumque
430 737 484 796 sibi
499 737 623 798 dedicari
641 739 670 796 in
687 757 724 796 eo
736 737 802 795 loco
826 735 896 816 jus-³

206 813 295 874 setitl
319 815 351 874 &
370 815 516 890 Athenis,
536 839 596 878 non
613 817 701 900 longe
722 819 792 876 item
813 833 891 880 atua

207 894 256 954 illa
286 899 400 956 antina
427 897 517 956 domo
541 943 551 970 ,
580 895 749 977 Orithyiam
781 895 889 978 Aquilo

209 917 366 1037 sustuleritl
381 979 420 1037 sit
433 980 510 1037 enim
524 975 568 1050 est·
578 977 722 1039 traditum.
793 1004 797 1014 ·

246 1077 282 1130 .4.
301 1055 379 1115 Αττ.
401 1055 551 1131 Quoisum
563 1058 702 1131 tandem,
719 1074 767 1117 aut
782 1077 832 1116 cur
842 1055 891 1118 ista

211 1138 337 1216 quaeris}
354 1135 397 1195 M.
418 1135 496 1198 Nihil
507 1135 596 1212 sane,
613 1140 667 1198 nisi
681 1157 717 1198 ne
737 1140 821 1197 nimis
842 1139 890 1196 di-

209 1216 333 1294 ligenter
355 1219 486 1296 anquiras
506 1219 536 1276 in
559 1238 619 1291 ea,
644 1239 707 1298 quae
727 1214 780 1276 isto
801 1217 892 1278 modo

211 1298 360 1354 memon'ae
380 1299 436 1356 sint
452 1296 574 1376 prodita.
593 1296 684 1357 Αττ.’
697 1295 788 1378 Atqui
803 1299 893 1358 multa

211 1393 375 1454 quaeruntur
405 1379 434 1435 in
461 1377 555 1437 Matio
575 1422 585 1448 ‚
609 1375 710 1438 fillane
732 1423 740 1450 ,
764 1399 799 1436 an
824 1398 893 1438 vera

213 1456 289 1527 sint3
310 1456 340 1514 &
361 1478 378 1515 a
394 1458 538 1518 nonnullis
556 1503 565 1531 ‚
584 1459 665 1540 qubd
687 1458 719 1517 8(
738 1461 766 1517 in
785 1461 901 1518 recenti

212 1540 380 1611 memoria,
404 1539 435 1596 &
460 1542 489 1598 in
517 1538 649 1618 Arpinati
670 1538 817 1610 homine,
844 1539 893 1599 vel

213 1614 347 1678 severitas
370 1640 387 1676 a
404 1627 440 1679 te»
452 1617 615 1698 postulatur.
632 1619 677 1679 M.
695 1617 732 1678 Et
753 1617 893 1692 hercule,

213 1708 270 1778 ego
284 1719 331 1758 me
345 1703 429 1779 cupio
444 1721 503 1758 non
522 1699 693 1759 mendacem
710 1699 820 1777 putari:
843 1696 894 1758 sed

120 1803 123 1808 ’
213 1793 311 1840 tamen
328 1781 458 1838 nonnulli
478 1777 539 1852 isti,
559 1777 647 1851 Tite,
666 1777 774 1837 faciunt
794 1779 904 1856 impe-'

213 1860 289 1932 rite,
310 1862 402 1940 qui-in
416 1857 467 1919 isto
483 1860 610 1938 periculo
626 1879 686 1916 non
701 1875 733 1917 ut
748 1879 764 1916 a
782 1861 871 1936 poeta
884 1867 905 1933 ,'
925 1933 927 1936 Ι

214 1937 264 1997 sed
282 1958 341 2000 uta
356 1937 425 1998 teste
437 1984 446 2012 ,
458 1941 608 1999 veritatem
620 1941 667 1998 exi
687 1956 752 1998 ant:
766 1957 820 1996 nec
841 1938 896 1998 du-

214 2017 298 2092 bito,
341 2017 389 2080 'uin
408 2018 518 2093 iidem,
539 2019 570 2078 &
589 2039 654 2078 cum
668 1959 779 2100 ligetia
801 2017 896 2076 collo-

214 2117 312 2166 uutum
321 2042 459 2162 ‹llumam
479 2145 489 2174 ,
516 2099 547 2160 &
566 2099 601 2158 ab
624 2100 718 2180 aquila
734 2095 897 2236 Taruulnio

216 2183 333 2258 apicem*
348 2184 516 2260 impositum
541 2197 650 2260 putent.
672 2177 717 2256 Q
736 2177 798 2238 lnte
811 2177 830 2236 li
850 2191 872 2258 u
885 2181 909 2254 ‚⁵

216 2276 269 2332 te,
291 2258 397 2332 frater,
425 2260 492 2318 alias
513 2263 543 2318 in
560 2257 673 2320 historia
692 2259 771 2339 leges
791 2197 896 2319 oblen-

215 2339 324 2399 v'andas
335 2357 433 2420 putare
446 2384 455 2412 ,
466 2339 532 2418 alias
545 2342 573 2399 in
585 2343 729 2418 poemate.
740 2337 784 2397 M.
796 2336 910 2420 Quip-'

130 2481 135 2488 ,
278 2439 366 2500 quum
387 2422 415 2478 in
432 2419 481 2479 illa
495 2419 531 2478 ad
544 2421 695 2480 veritatem
713 2439 834 2501 quaeque
847 2440 897 2480 re-

217 2437 360 2573 Felantur,
382 2501 412 2560 in
429 2499 485 2559 hoc
505 2499 540 2558 ad
558 2497 776 2559 delefiatiunem
800 2498 898 2577 plera-

219 2599 276 2659 que
300 2599 306 2636 :
329 2593 503 2660 quamquam
525 2580 656 2660 &apud
685 2578 872 2640 Herodotum
886 2593 911 2654 ,'

217 2676 328 2738 patrem
348 2657 493 2734 historiae,
516 2659 644 2739 &apud
664 2657 912 2744 Theopompum

214 2741 279 2802 lunt
299 2739 516 2808 innumerabiles
531 2739 643 2806 fabulae.
707 2779 711 2786 ·
742 2769 767 2788 ν
896 2753 911 2786 -“·
