1954 3604
219 257 812 344 humavimus-199

119 369 214 443 utile,
233 370 304 452 quid
324 369 446 441 inutile;
464 383 580 428 rumex
597 363 718 430 ¹utilibus
738 367 808 448 quid

117 451 218 514 utilius
240 494 251 525 ,
276 469 325 512 aut
346 449 415 532 quid
430 448 554 508 maxime
574 449 653 510 utile.
675 447 725 509 De
745 449 810 529 qui-

125 532 181 591 bus
204 531 303 592 dicere
330 552 345 589 a
366 529 498 612 grediar‚
519 531 542 590 si
560 549 652 609 pauca
670 531 748 610 prius
769 529 807 590 de

122 610 256 672 instituto
270 654 281 685 ,
299 632 333 671 ac
344 551 380 672 se
392 608 498 689 judicio
510 629 577 669 meo
596 611 707 671 dixero.
746 655 751 666 .

163 711 193 752 2.
216 689 408 774 Quamquam
424 693 503 754 enim
525 689 590 748 libri
610 687 697 751 nostri
719 709 807 750 com·-

125 770 225 850 plures
247 791 309 832 non
323 770 413 832 modb
432 771 469 830 ad
489 768 629 851 legendi,
649 770 699 831 sed
719 773 807 831 etiam

121 850 161 911 ad
178 850 323 914 scribendi
339 849 463 914 studium
476 852 692 922 excitaverunt3
707 866 806 912 tamen

123 931 272 992 interdum
286 952 412 1005 vereor,
430 950 468 991 ne
480 929 647 1010 quibusdam
660 930 743 991 bonis
754 934 804 992 vi·

120 1013 160 1070 ris
181 1011 369 1092 philosophiae
390 1030 503 1073 nomen
523 1013 563 1070 sit¹
577 1009 701 1071 inrisum
718 1014 804 1087 pmi-

120 1109 303 1174 reatusque,
328 1095 357 1152 in
380 1112 416 1153 ea
439 1108 551 1152 tantum
574 1111 622 1152 rue
649 1109 748 1172 operae
772 1092 805 1152 δι

121 1175 263 1252 temporis
291 1193 412 1254 ponere.
444 1170 509 1253 Ego
538 1188 634 1233 autem
666 1171 802 1254 quamdiu

120 1250 282 1332 respublica
296 1273 348 1333 per
359 1275 411 1316 eos
423 1252 597 1336 gerebatur,
608 1252 711 1333 quibus
722 1250 750 1313 se
763 1254 805 1333 ip·

121 1331 150 1390 sa
164 1333 364 1409 commiserat,
378 1355 480 1394 omnes
494 1353 572 1393 meas
593 1354 673 1393 curas
696 1335 804 1416 cogita-

119 1413 274 1554 tionespue
292 1417 404 1475 ineam
424 1411 626 1474 conferebam:
644 1434 734 1494 quum
755 1433 806 1475 au-

119 1509 183 1552 tem
231 1497 360 1554 ominatu
380 1497 464 1555 unius
490 1497 587 1554 omnia
609 1510 805 1569 tenerentur,

120 1591 217 1654 neque
239 1573 310 1636 esset
324 1573 443 1658 usquam
465 1575 606 1647 consilio,
622 1591 670 1634 aut
684 1573 804 1635 auslori·

120 1655 173 1714 tati
190 1655 273 1716 locus
283 1675 293 1729 ;
313 1654 406 1718 socios
425 1655 551 1736 denique
569 1653 685 1715 tuendae
701 1657 805 1734 reipu-

120 1733 226 1808 blicae,
244 1735 370 1798 summos
383 1739 482 1810 viros,
497 1733 649 1796 amisissem
662 1754 672 1808 ;
685 1755 739 1794 nec
757 1755 805 1797 me

121 1816 279 1909 angoribus
301 1817 415 1891 dedidi,
428 1816 530 1897 quibus
541 1813 627 1876 essem
639 1813 802 1890 confertus,

122 1897 177 1955 nisr
189 1899 222 1956 iis
237 1895 411 1970 restitissem,
424 1917 478 1958 nec
493 1896 601 1957 rursum
615 1896 739 1980 indignis
751 1895 802 1957 lro

125 1979 204 2038 mirre
217 1976 306 2038 doeio
321 1975 527 2058 voluptatibus.

167 2074 193 2137 3.
210 2056 311 2139 Atque
323 2061 432 2120 utinam
445 2055 602 2138 respublica
615 2053 729 2117 stetisset
745 2077 804 2138 quo

121 2154 255 2216 coeperat
275 2137 372 2213 statu,
389 2159 444 2199 rrec
465 2140 495 2197 in
513 2138 647 2198 homines
663 2155 724 2196 aon
743 2155 803 2198 tam

122 2219 394 2280 commutandarum
408 2238 525 2291 rerum,
551 2217 638 2298 quim
660 2235 802 2278 everten-

123 2295 224 2358 darum
246 2299 367 2380 cupidos
384 2297 541 2360 incidisset!
556 2298 681 2377 primum
702 2301 805 2372 eninr,
825 2344 833 2355 .

122 2393 156 2437 ut
170 2375 261 2440 stante
283 2380 431 2459 republicis
450 2377 545 2440 facere
567 2377 749 2454 solebamus,
773 2383 804 2438 in

121 2459 238 2539 agendo
258 2460 338 2540 plus,
356 2459 444 2542 quim
465 2457 687 2531 inscribendo,
706 2478 803 2540 operae

122 2557 316 2618 poneremus:
335 2541 440 2601 deinde
454 2541 522 2620 ipsis
544 2537 597 2598 scri
618 2543 653 2600 tis
670 2559 732 2600 non
749 2559 803 2618 ea,

122 2639 188 2698 quae
215 2638 314 2694 nunc,
331 2620 380 2681 sed
400 2619 526 2681 aslioues
547 2640 586 2680 no
613 2642 655 2681 ras
680 2621 803 2681 manda·

121 2717 220 2758 remus
240 2739 250 2770 ‚
276 2717 308 2760 ut
325 2700 399 2783 saepe
419 2700 550 2762 fecimus.
577 2699 683 2781 Quum
705 2720 801 2762 autem

122 2777 302 2860 respublica,
324 2783 355 2842 in
375 2801 431 2863 qua
451 2785 546 2844 omnis
566 2801 632 2844 mea
641 2803 738 2919 1cura,
753 2797 805 2842 co·

675 2882 705 2920 ιν
