1990 3594
238 263 314 333 Di
345 255 653 339 Sauacaun'a'.
707 256 781 362 3'57

97 373 193 438 altero
214 371 339 448 duritas,
364 380 394 438 in
417 379 508 441 altero
518 380 669 456 jcomitasi
692 380 736 441 sic
754 385 782 443 se

45 520 58 532 ,
98 477 146 518 res
166 457 256 517 habet
277 477 286 516 :-
314 475 346 518 ut
365 460 443 519 enim
462 477 523 521 non
543 469 631 522 omne
654 464 782 537 vinum,

99 541 142 597 sic
162 557 228 596 non
252 539 345 598 omnis
358 557 431 599 raetas
450 540 592 603 ¹vetustate
613 541 779 603 coacescit:

99 617 284 681 severitatem
303 620 333 676 in
350 617 497 681 senesiute'
514 623 630 702 probo,
650 621 780 681 sedeam

101 697 207 778 (elcut
222 698 276 757 alia
294 701 307 768 )
323 700 485 772 modicam3
501 704 688 762 acerbitatem
700 703 782 763 nullo

100 779 216 839 modoc
235 779 352 838 avaritia
369 781 442 841 veto
457 781 556 841 senilia
572 783 641 862 quid
661 782 713 840 sibi
730 793 782 842 vess

100 859 155 934 lit,
174 857 393 941 non-intelligo.
413 857 509 922 Potest
527 865 613 922 enim'
626 862 783 942 quidquam

14 959 16 966 ‘
100 938 161 1000 effe
180 935 350 1012 absurdius,
373 939 491 1021 quim,
521 943 578 1022 quo
606 944 701 1002 minus
726 945 782 1003 viae

102 1018 210 1092 restat,
230 1019 268 1080 εὸ
285 1019 350 1098 plus
366 1021 464 1080 viatici
484 1021 636 1102 quaerere?
773 1053 776 1062 ¹

14 1103 15 1112 ’
143 1099 227 1160 ΧΙΧ.
249 1098 363 1178 Quarta
387 1098 592 1174 restatcausa,
612 1123 675 1182 quae
690 1103 784 1160 marri-

14 1209 16 1260 ς
100 1175 151 1240 me
165 1199 270 1262 angere
284 1197 368 1260 atque
382 1180 530 1241 sollicitam
542 1184 648 1242 habere
658 1181 783 1250 nostram

14 1281 16 1328 ῑ
101 1277 218 1321 aetatem
240 1260 375 1334 videtur,
394 1265 636 1344 appropinquatio
657 1265 779 1333 mortis;

14 1343 15 1390 i
100 1362 169 1423 quae
198 1343 275 1401 certe
297 1363 313 1400 a
333 1340 476 1402 senectute
494 1365 553 1402 non
576 1340 671 1424 potest
692 1343 781 1424 longe

83 1420 207 1504 ,abesse
230 1419 263 1480 Ο
275 1420 417 1482 miserum
434 1422 532 1482 senem
552 1469 561 1496 ,
584 1427 633 1504 qui
654 1442 780 1482 mortem

79 1503 81 1506 ’
102 1502 348 1564 contemnendam
374 1499 429 1563 esse
452 1504 482 1560 in
504 1499 564 1562 tam
589 1505 677 1582 longa
698 1520 782 1563 aetate

102 1599 166 1644 non
187 1583 293 1644 viderit
310 1583 320 1641 1.
344 1603 408 1664 quae
434 1599 482 1642 aut
505 1582 589 1662 plane
609 1583 782 1662 negligenda

103 1661 168 1738 est,
191 1665 359 1724 si÷omnino
380 1661 533 1743 exstinguit
559 1664 714 1734 animum,
735 1681 783 1722 aut

102 1747 194 1806 etiam
213 1745 340 1824 optanda
359 1789 368 1818 ,
397 1747 420 1802 si
441 1743 537 1822 aliqui>
558 1763 626 1802 eum
644 1741 783 1814 deducit,

102 1824 155 1885 ubi
184 1827 221 1884 sit
246 1823 356 1885 futurus
388 1841 520 1884 aeternus.
554 1825 647 1904 Atqui
667 1825 784 1882 tertium

102 1905 184 1966 certe
211 1905 283 1964 nihil
306 1907 429 1965 inveniri
456 1901 563 1984 potest.
593 1901 676 1982 Quid
701 1905 787 1983 igitur

102 1988 248 2058 timeam,
269 1987 292 2044 si
308 2003 357 2044 aut
374 2005 435 2043 non
454 1983 538 2044 miser
555 1982 620 2066 post
639 1999 786 2056 mortem,

97 2085 154 2126 raaut
175 2065 277 2126 beatus
295 2067 383 2125 etiam
404 2064 513 2124 futurus
538 2063 622 2124 sum?

146 2146 196 2222 67.
218 2143 408 2226 Quamquam
429 2147 492 2226 quis
515 2141 558 2204 est
581 2160 640 2204 tam
660 2139 783 2216 stultus,

103 2227 239 2308 quamvis
259 2228 296 2286 sic
314 2223 502 2296 adolescens,
524 2225 570 2282 cui
590 2227 627 2284 sit
644 2223 784 2303 explora·

105 2324 200 2379 tum,
227 2305 256 2366 se
286 2307 323 2364 ad
351 2303 504 2384 vesperum
531 2301 587 2364 elle
616 2303 784 2364 viciorum?

105 2389 177 2468 quin
198 2389 288 2448 etiam
300 2401 366 2446 actas
383 2385 432 2444 illa
450 2385 542 2444 multi>
561 2384 678 2466 plures,
697 2384 785 2464 qulam

106 2465 230 2539 nostra,
254 2467 355 2525 mortis
381 2463 459 2524 casus
480 2465 590 2524 habet:
618 2463 727 2524 facilius
754 2467 785 2524 in

107 2547 228 2607 morbos
256 2546 386 2605 incidunt
415 2544 608 2606 adolescentes
632 2563 642 2616 ·,
672 2546 784 2625 graviiu

108 2644 270 2710 aegrotant-3
285 2623 387 2685 tristius
408 2643 558 2686 curantur:
582 2627 678 2704 itaque
704 2627 787 2705 pauci

107 2709 229 2767 veniunt
246 2706 283 2765 ad
299 2704 490 2766 seneclutem:
513 2705 592 2786 quod
609 2707 640 2763 ni
657 2707 695 2763 ita
713 2708 790 2763 acci·

106 2788 218 2862 aleret,
244 2787 347 2848 melius
374 2785 408 2848 δι
438 2783 605 2867 prudentius
630 2787 791 2849 viveretur.
